<?xml version="1.0" encoding="UTF-8"?>
<!DOCTYPE html PUBLIC "-//W3C//DTD XHTML 1.0 Transitional//EN"
    "http://www.w3.org/TR/xhtml1/DTD/xhtml1-transitional.dtd">
<html xmlns="http://www.w3.org/1999/xhtml" xml:lang="en" lang="en">
 <head>
  <title>
</title>
<meta http-equiv="Content-Type" content="text/html;charset=utf-8" />
  <meta name='ocr-system' content='tesseract 3.04.00' />
  <meta name='ocr-capabilities' content='ocr_page ocr_carea ocr_par ocr_line ocrx_word'/>
</head>
<body>
  <div class='ocr_page' id='page_1' title='image "./monumentaspecta02umjegoog_0128.png"; bbox 0 0 3620 5282; ppageno 0'>
   <div class='ocr_carea' id='block_1_1' title="bbox 523 333 2899 610">
    <p class='ocr_par' dir='ltr' id='par_1_1' title="bbox 523 333 2899 610">
     <span class='ocr_line' id='line_1_1' title="bbox 523 333 606 398; baseline 0 0"><span class='ocrx_word' id='word_1_1' title='bbox 523 333 606 398; x_wconf 83' lang='lat'>82</span> 
     </span>
     <span class='ocr_line' id='line_1_2' title="bbox 804 472 2899 610; baseline -0.001 -17"><span class='ocrx_word' id='word_1_2' title='bbox 804 511 1212 593; x_wconf 63' lang='lat' dir='ltr'>‘cxxlv</span> <span class='ocrx_word' id='word_1_3' title='bbox 1293 472 1518 593; x_wconf 55' lang='lat' dir='ltr'>(2011ss</span> <span class='ocrx_word' id='word_1_4' title='bbox 1550 511 1779 592; x_wconf 80' lang='lat'>1348.</span> <span class='ocrx_word' id='word_1_5' title='bbox 1833 510 1931 592; x_wconf 77' lang='lat'>22</span> <span class='ocrx_word' id='word_1_6' title='bbox 1986 510 2350 610; x_wconf 71' lang='lat' dir='ltr'>sviunja‚</span> <span class='ocrx_word' id='word_1_7' title='bbox 2396 533 2454 590; x_wconf 89' lang='lat' dir='ltr'>u</span> <span class='ocrx_word' id='word_1_8' title='bbox 2509 509 2899 591; x_wconf 69' lang='lat' dir='ltr'>M1et0111.</span> 
     </span>
    </p>
   </div>
   <div class='ocr_carea' id='block_1_2' title="bbox 509 636 3227 799">
    <p class='ocr_par' dir='ltr' id='par_1_2' title="bbox 509 636 3227 799">
     <span class='ocr_line' id='line_1_3' title="bbox 517 636 3223 711; baseline 0 -16"><span class='ocrx_word' id='word_1_9' title='bbox 517 636 795 711; x_wconf 70' lang='lat' dir='ltr'>Nastojec</span> <span class='ocrx_word' id='word_1_10' title='bbox 856 639 972 697; x_wconf 80' lang='lat' dir='ltr'>ban</span> <span class='ocrx_word' id='word_1_11' title='bbox 1033 638 1299 696; x_wconf 66' lang='lat' dir='ltr'>lere-atski</span> <span class='ocrx_word' id='word_1_12' title='bbox 1352 638 1524 695; x_wconf 68' lang='grc' dir='ltr'><strong><em>ὑπαί-ἰ</em></strong></span> <span class='ocrx_word' id='word_1_13' title='bbox 1581 655 1623 695; x_wconf 72' lang='grc' dir='ltr'>ἰι</span> <span class='ocrx_word' id='word_1_14' title='bbox 1682 638 1839 709; x_wconf 73' lang='lat' dir='ltr'>svoJ&#39;e</span> <span class='ocrx_word' id='word_1_15' title='bbox 1895 636 2042 694; x_wconf 76' lang='lat' dir='ltr'>rulce</span> <span class='ocrx_word' id='word_1_16' title='bbox 2082 636 2338 711; x_wconf 73' lang='lat' dir='ltr'>qradove</span> <span class='ocrx_word' id='word_1_17' title='bbox 2374 638 2511 709; x_wconf 77' lang='lat' dir='ltr'>pok.</span> <span class='ocrx_word' id='word_1_18' title='bbox 2550 638 2736 696; x_wconf 72' lang='lat' dir='ltr'>kncza</span> <span class='ocrx_word' id='word_1_19' title='bbox 2780 637 3083 706; x_wconf 80' lang='lat' dir='ltr'>Mladina,</span> <span class='ocrx_word' id='word_1_20' title='bbox 3123 653 3223 696; x_wconf 78' lang='lat' dir='ltr'>za-</span> 
     </span>
     <span class='ocr_line' id='line_1_4' title="bbox 509 724 3227 799; baseline 0 -16"><span class='ocrx_word' id='word_1_21' title='bbox 509 727 763 798; x_wconf 78' lang='lat' dir='ltr'>povieda</span> <span class='ocrx_word' id='word_1_22' title='bbox 806 743 868 785; x_wconf 84' lang='lat' dir='ltr'>se</span> <span class='ocrx_word' id='word_1_23' title='bbox 910 727 1217 786; x_wconf 75' lang='lat' dir='ltr'>knczovom</span> <span class='ocrx_word' id='word_1_24' title='bbox 1278 726 1529 799; x_wconf 73' lang='lat' dir='ltr'>Troyira</span> <span class='ocrx_word' id='word_1_25' title='bbox 1576 728 1600 784; x_wconf 86' lang='lat' dir='ltr'>i</span> <span class='ocrx_word' id='word_1_26' title='bbox 1644 725 1905 798; x_wconf 59' lang='lat' dir='ltr'>sphera,</span> <span class='ocrx_word' id='word_1_27' title='bbox 1953 725 2030 781; x_wconf 82' lang='lat' dir='ltr'>da</span> <span class='ocrx_word' id='word_1_28' title='bbox 2080 725 2272 797; x_wconf 77' lang='lat' dir='ltr'>podju</span> <span class='ocrx_word' id='word_1_29' title='bbox 2334 726 2413 783; x_wconf 67' lang='lat' dir='ltr'>ka</span> <span class='ocrx_word' id='word_1_30' title='bbox 2467 726 2657 785; x_wconf 76' lang='lat' dir='ltr'>Imezu</span> <span class='ocrx_word' id='word_1_31' title='bbox 2705 726 2913 794; x_wconf 79' lang='lat' dir='ltr'>Pavlu,</span> <span class='ocrx_word' id='word_1_32' title='bbox 2959 726 2984 783; x_wconf 83' lang='lat' dir='ltr'>i</span> <span class='ocrx_word' id='word_1_33' title='bbox 3027 724 3107 783; x_wconf 84' lang='lat' dir='ltr'>da</span> <span class='ocrx_word' id='word_1_34' title='bbox 3146 743 3227 798; x_wconf 74' lang='lat' dir='ltr'>qa</span> 
     </span>
    </p>
   </div>
   <div class='ocr_carea' id='block_1_3' title="bbox 440 813 3231 897">
    <p class='ocr_par' dir='ltr' id='par_1_3' title="bbox 440 813 3231 897">
     <span class='ocr_line' id='line_1_5' title="bbox 440 813 3231 897; baseline 0 -26"><span class='ocrx_word' id='word_1_35' title='bbox 440 890 445 897; x_wconf 15' lang='grc' dir='ltr'><em>Ἃ</em></span> <span class='ocrx_word' id='word_1_36' title='bbox 519 815 771 874; x_wconf 71' lang='grc' dir='ltr'><em>ηαῖοῑοηε</em></span> <span class='ocrx_word' id='word_1_37' title='bbox 805 815 1049 887; x_wconf 65' lang='lat' dir='ltr'>predati</span> <span class='ocrx_word' id='word_1_38' title='bbox 1094 833 1210 873; x_wconf 78' lang='lat' dir='ltr'>oua</span> <span class='ocrx_word' id='word_1_39' title='bbox 1253 815 1464 887; x_wconf 78' lang='lat' dir='ltr'>mjesta</span> <span class='ocrx_word' id='word_1_40' title='bbox 1502 814 1804 887; x_wconf 78' lang='lat' dir='ltr'>republici,</span> <span class='ocrx_word' id='word_1_41' title='bbox 1852 814 2003 872; x_wconf 82' lang='lat' dir='ltr'>kako</span> <span class='ocrx_word' id='word_1_42' title='bbox 2036 830 2137 870; x_wconf 76' lang='lat' dir='ltr'>mu</span> <span class='ocrx_word' id='word_1_43' title='bbox 2169 813 2235 884; x_wconf 82' lang='lat' dir='ltr'>je</span> <span class='ocrx_word' id='word_1_44' title='bbox 2279 814 2303 870; x_wconf 83' lang='lat' dir='ltr'>i</span> <span class='ocrx_word' id='word_1_45' title='bbox 2346 814 2593 873; x_wconf 70' lang='lat' dir='ltr'>narcdc&#39;o</span> <span class='ocrx_word' id='word_1_46' title='bbox 2639 831 2767 873; x_wconf 85' lang='lat' dir='ltr'>sam</span> <span class='ocrx_word' id='word_1_47' title='bbox 2797 815 2940 890; x_wconf 75' lang='lat' dir='ltr'>pole.</span> <span class='ocrx_word' id='word_1_48' title='bbox 2967 813 3231 872; x_wconf 77' lang='lat' dir='ltr'>Mladin.</span> 
     </span>
    </p>
   </div>
   <div class='ocr_carea' id='block_1_4' title="bbox 518 947 3233 1476">
    <p class='ocr_par' dir='ltr' id='par_1_4' title="bbox 518 947 3233 1476">
     <span class='ocr_line' id='line_1_6' title="bbox 734 947 3231 1035; baseline 0 -21"><span class='ocrx_word' id='word_1_49' title='bbox 734 951 922 1015; x_wconf 89' lang='lat'>1348.</span> <span class='ocrx_word' id='word_1_50' title='bbox 969 949 1069 1016; x_wconf 90' lang='lat' dir='ltr'>die</span> <span class='ocrx_word' id='word_1_51' title='bbox 1115 947 1309 1016; x_wconf 91' lang='lat' dir='ltr'>XXII</span> <span class='ocrx_word' id='word_1_52' title='bbox 1356 951 1523 1028; x_wconf 90' lang='lat' dir='ltr'>maii,</span> <span class='ocrx_word' id='word_1_53' title='bbox 1574 953 1787 1033; x_wconf 87' lang='lat' dir='ltr'>capta:</span> <span class='ocrx_word' id='word_1_54' title='bbox 1853 970 1991 1015; x_wconf 90' lang='lat' dir='ltr'>cum</span> <span class='ocrx_word' id='word_1_55' title='bbox 2036 952 2372 1015; x_wconf 82' lang='lat' dir='ltr'>habeamus</span> <span class='ocrx_word' id='word_1_56' title='bbox 2436 972 2556 1035; x_wconf 81' lang='lat' dir='ltr'>per</span> <span class='ocrx_word' id='word_1_57' title='bbox 2592 952 2834 1016; x_wconf 78' lang='lat' dir='ltr'>litteras</span> <span class='ocrx_word' id='word_1_58' title='bbox 2878 951 3231 1015; x_wconf 86' lang='lat' dir='ltr'>nostrorum</span> 
     </span>
     <span class='ocr_line' id='line_1_7' title="bbox 526 1038 3233 1123; baseline -0.001 -19"><span class='ocrx_word' id='word_1_59' title='bbox 526 1039 823 1105; x_wconf 90' lang='lat' dir='ltr'>comitum</span> <span class='ocrx_word' id='word_1_60' title='bbox 869 1038 1056 1104; x_wconf 88' lang='lat' dir='ltr'>Jadre</span> <span class='ocrx_word' id='word_1_61' title='bbox 1117 1042 1181 1103; x_wconf 88' lang='lat' dir='ltr'>et</span> <span class='ocrx_word' id='word_1_62' title='bbox 1241 1040 1559 1123; x_wconf 83' lang='lat' dir='ltr'>Tragurii,</span> <span class='ocrx_word' id='word_1_63' title='bbox 1608 1040 1767 1122; x_wconf 87' lang='lat' dir='ltr'>quod</span> <span class='ocrx_word' id='word_1_64' title='bbox 1822 1040 2015 1103; x_wconf 91' lang='lat' dir='ltr'>banus</span> <span class='ocrx_word' id='word_1_65' title='bbox 2065 1039 2384 1105; x_wconf 87' lang='lat' dir='ltr'>Sclavenie</span> <span class='ocrx_word' id='word_1_66' title='bbox 2445 1043 2508 1104; x_wconf 88' lang='lat' dir='ltr'>et</span> <span class='ocrx_word' id='word_1_67' title='bbox 2572 1041 2680 1104; x_wconf 89' lang='lat' dir='ltr'>alii</span> <span class='ocrx_word' id='word_1_68' title='bbox 2722 1039 2959 1123; x_wconf 87' lang='lat' dir='ltr'>Ungari</span> <span class='ocrx_word' id='word_1_69' title='bbox 2999 1038 3233 1104; x_wconf 87' lang='lat' dir='ltr'>faciunt</span> 
     </span>
     <span class='ocr_line' id='line_1_8' title="bbox 520 1126 3233 1211; baseline -0.001 -19"><span class='ocrx_word' id='word_1_70' title='bbox 520 1146 696 1211; x_wconf 90' lang='lat' dir='ltr'>posse</span> <span class='ocrx_word' id='word_1_71' title='bbox 742 1146 923 1192; x_wconf 88' lang='lat' dir='ltr'>suum</span> <span class='ocrx_word' id='word_1_72' title='bbox 969 1129 1251 1192; x_wconf 89' lang='lat' dir='ltr'>omnibus</span> <span class='ocrx_word' id='word_1_73' title='bbox 1297 1128 1532 1207; x_wconf 90' lang='lat' dir='ltr'>modis,</span> <span class='ocrx_word' id='word_1_74' title='bbox 1597 1127 1819 1210; x_wconf 91' lang='lat' dir='ltr'>quibus</span> <span class='ocrx_word' id='word_1_75' title='bbox 1867 1129 2143 1210; x_wconf 78' lang='lat' dir='ltr'>possunt,</span> <span class='ocrx_word' id='word_1_76' title='bbox 2207 1127 2465 1193; x_wconf 88' lang='lat' dir='ltr'>habendi</span> <span class='ocrx_word' id='word_1_77' title='bbox 2530 1130 2765 1206; x_wconf 86' lang='lat' dir='ltr'>castra,</span> <span class='ocrx_word' id='word_1_78' title='bbox 2811 1147 2924 1210; x_wconf 91' lang='lat' dir='ltr'>que</span> <span class='ocrx_word' id='word_1_79' title='bbox 2982 1126 3233 1191; x_wconf 89' lang='lat' dir='ltr'>fuerunt</span> 
     </span>
     <span class='ocr_line' id='line_1_9' title="bbox 518 1214 3230 1299; baseline -0.001 -19"><span class='ocrx_word' id='word_1_80' title='bbox 518 1216 774 1281; x_wconf 90' lang='lat' dir='ltr'>condam</span> <span class='ocrx_word' id='word_1_81' title='bbox 822 1216 1067 1281; x_wconf 87' lang='lat' dir='ltr'>comitis</span> <span class='ocrx_word' id='word_1_82' title='bbox 1114 1216 1435 1294; x_wconf 87' lang='lat' dir='ltr'>Maladini,</span> <span class='ocrx_word' id='word_1_83' title='bbox 1483 1215 1900 1299; x_wconf 90' lang='lat' dir='ltr'>promittendo</span> <span class='ocrx_word' id='word_1_84' title='bbox 1948 1215 2159 1280; x_wconf 89' lang='lat' dir='ltr'>comiti</span> <span class='ocrx_word' id='word_1_85' title='bbox 2204 1216 2433 1294; x_wconf 90' lang='lat' dir='ltr'>Paulo,</span> <span class='ocrx_word' id='word_1_86' title='bbox 2493 1217 2673 1281; x_wconf 87' lang='lat' dir='ltr'>fratri</span> <span class='ocrx_word' id='word_1_87' title='bbox 2739 1214 2983 1281; x_wconf 90' lang='lat' dir='ltr'>comitis</span> <span class='ocrx_word' id='word_1_88' title='bbox 3029 1214 3230 1280; x_wconf 87' lang='lat' dir='ltr'>Mala-</span> 
     </span>
     <span class='ocr_line' id='line_1_10' title="bbox 520 1302 3229 1389; baseline -0.001 -22"><span class='ocrx_word' id='word_1_89' title='bbox 520 1302 652 1369; x_wconf 90' lang='lat' dir='ltr'>dini</span> <span class='ocrx_word' id='word_1_90' title='bbox 694 1303 973 1386; x_wconf 80' lang='lat' dir='ltr'>predicti,</span> <span class='ocrx_word' id='word_1_91' title='bbox 1006 1303 1205 1368; x_wconf 88' lang='lat' dir='ltr'>multa</span> <span class='ocrx_word' id='word_1_92' title='bbox 1251 1307 1314 1369; x_wconf 89' lang='lat' dir='ltr'>et</span> <span class='ocrx_word' id='word_1_93' title='bbox 1351 1322 1596 1389; x_wconf 83' lang='lat' dir='ltr'>magna,</span> <span class='ocrx_word' id='word_1_94' title='bbox 1643 1323 1714 1369; x_wconf 91' lang='lat' dir='ltr'>ac</span> <span class='ocrx_word' id='word_1_95' title='bbox 1754 1305 1945 1369; x_wconf 88' lang='lat' dir='ltr'>etiam</span> <span class='ocrx_word' id='word_1_96' title='bbox 1985 1304 2271 1369; x_wconf 89' lang='lat' dir='ltr'>minando</span> <span class='ocrx_word' id='word_1_97' title='bbox 2305 1306 2356 1369; x_wconf 92' lang='lat' dir='ltr'>ei</span> <span class='ocrx_word' id='word_1_98' title='bbox 2391 1305 2462 1368; x_wconf 91' lang='lat' dir='ltr'>de</span> <span class='ocrx_word' id='word_1_99' title='bbox 2493 1304 2787 1369; x_wconf 91' lang='lat' dir='ltr'>veniendo</span> <span class='ocrx_word' id='word_1_100' title='bbox 2834 1323 2975 1369; x_wconf 87' lang='lat' dir='ltr'>cum</span> <span class='ocrx_word' id='word_1_101' title='bbox 3009 1320 3229 1386; x_wconf 86' lang='lat' dir='ltr'>magno</span> 
     </span>
     <span class='ocr_line' id='line_1_11' title="bbox 519 1392 3227 1476; baseline -0.001 -20"><span class='ocrx_word' id='word_1_102' title='bbox 519 1393 791 1457; x_wconf 88' lang='lat' dir='ltr'>exercitu</span> <span class='ocrx_word' id='word_1_103' title='bbox 833 1392 908 1456; x_wconf 88' lang='lat' dir='ltr'>ad</span> <span class='ocrx_word' id='word_1_104' title='bbox 955 1392 1348 1457; x_wconf 85' lang='lat' dir='ltr'>offensionem</span> <span class='ocrx_word' id='word_1_105' title='bbox 1394 1394 1459 1458; x_wconf 90' lang='lat' dir='ltr'>et</span> <span class='ocrx_word' id='word_1_106' title='bbox 1503 1394 1796 1457; x_wconf 87' lang='lat' dir='ltr'>damnum</span> <span class='ocrx_word' id='word_1_107' title='bbox 1843 1393 2147 1457; x_wconf 83' lang='lat' dir='ltr'>dictorum</span> <span class='ocrx_word' id='word_1_108' title='bbox 2196 1397 2560 1471; x_wconf 88' lang='lat' dir='ltr'>castrorum,</span> <span class='ocrx_word' id='word_1_109' title='bbox 2609 1392 2662 1457; x_wconf 93' lang='lat' dir='ltr'>si</span> <span class='ocrx_word' id='word_1_110' title='bbox 2707 1394 2844 1476; x_wconf 89' lang='lat' dir='ltr'>ipsa</span> <span class='ocrx_word' id='word_1_111' title='bbox 2875 1394 3077 1457; x_wconf 89' lang='lat' dir='ltr'>castra</span> <span class='ocrx_word' id='word_1_112' title='bbox 3108 1409 3227 1455; x_wconf 91' lang='lat' dir='ltr'>non</span> 
     </span>
    </p>
   </div>
   <div class='ocr_carea' id='block_1_5' title="bbox 351 1479 3229 1564">
    <p class='ocr_par' dir='ltr' id='par_1_5' title="bbox 351 1479 3229 1564">
     <span class='ocr_line' id='line_1_12' title="bbox 351 1479 3229 1564; baseline 0.001 -22"><span class='ocrx_word' id='word_1_113' title='bbox 351 1489 396 1532; x_wconf 57' lang='lat' dir='ltr'><em>ss</em></span> <span class='ocrx_word' id='word_1_114' title='bbox 494 1480 699 1545; x_wconf 55' lang='lat' dir='ltr'>¹*dabit</span> <span class='ocrx_word' id='word_1_115' title='bbox 740 1479 872 1563; x_wconf 90' lang='lat' dir='ltr'>regi</span> <span class='ocrx_word' id='word_1_116' title='bbox 918 1480 1209 1564; x_wconf 89' lang='lat' dir='ltr'>Ungarie,</span> <span class='ocrx_word' id='word_1_117' title='bbox 1255 1484 1319 1545; x_wconf 89' lang='lat' dir='ltr'>et</span> <span class='ocrx_word' id='word_1_118' title='bbox 1364 1499 1472 1563; x_wconf 90' lang='lat' dir='ltr'>pro</span> <span class='ocrx_word' id='word_1_119' title='bbox 1519 1482 1688 1545; x_wconf 89' lang='lat' dir='ltr'>statu</span> <span class='ocrx_word' id='word_1_120' title='bbox 1736 1483 1947 1545; x_wconf 89' lang='lat' dir='ltr'>nostro</span> <span class='ocrx_word' id='word_1_121' title='bbox 2007 1480 2072 1544; x_wconf 92' lang='lat' dir='ltr'>in</span> <span class='ocrx_word' id='word_1_122' title='bbox 2117 1481 2397 1564; x_wconf 88' lang='lat' dir='ltr'>partibus</span> <span class='ocrx_word' id='word_1_123' title='bbox 2448 1480 2770 1545; x_wconf 81' lang='lat' dir='ltr'>Sclavonie</span> <span class='ocrx_word' id='word_1_124' title='bbox 2832 1480 3077 1563; x_wconf 87' lang='lat' dir='ltr'>penitus</span> <span class='ocrx_word' id='word_1_125' title='bbox 3133 1497 3229 1544; x_wconf 90' lang='lat' dir='ltr'>re-</span> 
     </span>
    </p>
   </div>
   <div class='ocr_carea' id='block_1_6' title="bbox 349 1692 389 1738">
    <p class='ocr_par' dir='ltr' id='par_1_6' title="bbox 349 1692 389 1738">
     <span class='ocr_line' id='line_1_13' title="bbox 349 1692 389 1738; baseline 0 0"><span class='ocrx_word' id='word_1_126' title='bbox 349 1692 389 1738; x_wconf 61' lang='lat' dir='ltr'>s!</span> 
     </span>
    </p>
   </div>
   <div class='ocr_carea' id='block_1_7' title="bbox 344 1952 383 1993">
    <p class='ocr_par' dir='ltr' id='par_1_7' title="bbox 344 1952 383 1993">
     <span class='ocr_line' id='line_1_14' title="bbox 344 1952 383 1993; baseline 0 -22"><span class='ocrx_word' id='word_1_127' title='bbox 344 1952 383 1993; x_wconf 34' lang='lat' dir='ltr'>xl</span> 
     </span>
    </p>
   </div>
   <div class='ocr_carea' id='block_1_8' title="bbox 518 1567 3231 4203">
    <p class='ocr_par' dir='ltr' id='par_1_8' title="bbox 518 1567 3231 4203">
     <span class='ocr_line' id='line_1_15' title="bbox 519 1567 3230 1652; baseline -0.001 -19"><span class='ocrx_word' id='word_1_128' title='bbox 519 1568 797 1650; x_wconf 89' lang='lat' dir='ltr'>quiratur</span> <span class='ocrx_word' id='word_1_129' title='bbox 843 1568 1065 1633; x_wconf 87' lang='lat' dir='ltr'>habere</span> <span class='ocrx_word' id='word_1_130' title='bbox 1111 1568 1245 1651; x_wconf 84' lang='lat' dir='ltr'>ipsa</span> <span class='ocrx_word' id='word_1_131' title='bbox 1290 1571 1493 1635; x_wconf 86' lang='lat' dir='ltr'>castra</span> <span class='ocrx_word' id='word_1_132' title='bbox 1535 1569 1599 1633; x_wconf 91' lang='lat' dir='ltr'>in</span> <span class='ocrx_word' id='word_1_133' title='bbox 1646 1571 1853 1634; x_wconf 90' lang='lat' dir='ltr'>nostro</span> <span class='ocrx_word' id='word_1_134' title='bbox 1899 1568 2170 1633; x_wconf 90' lang='lat' dir='ltr'>dominio</span> <span class='ocrx_word' id='word_1_135' title='bbox 2229 1572 2291 1634; x_wconf 91' lang='lat' dir='ltr'>et</span> <span class='ocrx_word' id='word_1_136' title='bbox 2340 1570 2682 1648; x_wconf 80' lang='lat' dir='ltr'>potestate,</span> <span class='ocrx_word' id='word_1_137' title='bbox 2728 1588 2845 1652; x_wconf 90' lang='lat' dir='ltr'>que</span> <span class='ocrx_word' id='word_1_138' title='bbox 2906 1587 3069 1647; x_wconf 58' lang='lat' dir='ltr'>vere,</span> <span class='ocrx_word' id='word_1_139' title='bbox 3109 1567 3230 1631; x_wconf 91' lang='lat' dir='ltr'>dici</span> 
     </span>
     <span class='ocr_line' id='line_1_16' title="bbox 521 1655 3228 1739; baseline -0.001 -19"><span class='ocrx_word' id='word_1_140' title='bbox 521 1658 788 1739; x_wconf 86' lang='lat' dir='ltr'>possunt</span> <span class='ocrx_word' id='word_1_141' title='bbox 831 1655 1032 1721; x_wconf 86' lang='lat' dir='ltr'>claves</span> <span class='ocrx_word' id='word_1_142' title='bbox 1078 1657 1382 1721; x_wconf 88' lang='lat' dir='ltr'>terrarum</span> <span class='ocrx_word' id='word_1_143' title='bbox 1427 1659 1775 1722; x_wconf 89' lang='lat' dir='ltr'>nostrarum</span> <span class='ocrx_word' id='word_1_144' title='bbox 1824 1657 2165 1735; x_wconf 84' lang='lat' dir='ltr'>Sclavenie,</span> <span class='ocrx_word' id='word_1_145' title='bbox 2212 1676 2354 1722; x_wconf 91' lang='lat' dir='ltr'>cum</span> <span class='ocrx_word' id='word_1_146' title='bbox 2401 1659 2565 1722; x_wconf 87' lang='lat' dir='ltr'>omni</span> <span class='ocrx_word' id='word_1_147' title='bbox 2630 1656 3056 1733; x_wconf 81' lang='lat' dir='ltr'>solicitudine,</span> <span class='ocrx_word' id='word_1_148' title='bbox 3106 1672 3228 1738; x_wconf 89' lang='lat' dir='ltr'>qua</span> 
     </span>
     <span class='ocr_line' id='line_1_17' title="bbox 520 1743 3228 1828; baseline -0.001 -20"><span class='ocrx_word' id='word_1_149' title='bbox 520 1745 656 1809; x_wconf 92' lang='lat' dir='ltr'>fieri</span> <span class='ocrx_word' id='word_1_150' title='bbox 701 1746 926 1827; x_wconf 89' lang='lat' dir='ltr'>potest,</span> <span class='ocrx_word' id='word_1_151' title='bbox 975 1763 1115 1809; x_wconf 91' lang='lat' dir='ltr'>cum</span> <span class='ocrx_word' id='word_1_152' title='bbox 1164 1745 1362 1810; x_wconf 90' lang='lat' dir='ltr'>omnis</span> <span class='ocrx_word' id='word_1_153' title='bbox 1410 1745 1631 1810; x_wconf 82' lang='lat' dir='ltr'>dilacio</span> <span class='ocrx_word' id='word_1_154' title='bbox 1676 1745 1737 1809; x_wconf 93' lang='lat' dir='ltr'>in</span> <span class='ocrx_word' id='word_1_155' title='bbox 1784 1746 1898 1810; x_wconf 89' lang='lat' dir='ltr'>hoc</span> <span class='ocrx_word' id='word_1_156' title='bbox 1943 1743 2105 1809; x_wconf 86' lang='lat' dir='ltr'>facto</span> <span class='ocrx_word' id='word_1_157' title='bbox 2167 1745 2252 1809; x_wconf 89' lang='lat' dir='ltr'>sit</span> <span class='ocrx_word' id='word_1_158' title='bbox 2297 1746 2540 1828; x_wconf 90' lang='lat' dir='ltr'>penitus</span> <span class='ocrx_word' id='word_1_159' title='bbox 2604 1746 2971 1823; x_wconf 88' lang='lat' dir='ltr'>resecanda,</span> <span class='ocrx_word' id='word_1_160' title='bbox 3016 1744 3228 1808; x_wconf 88' lang='lat' dir='ltr'>habito</span> 
     </span>
     <span class='ocr_line' id='line_1_18' title="bbox 521 1832 3227 1916; baseline -0 -20"><span class='ocrx_word' id='word_1_161' title='bbox 521 1835 809 1915; x_wconf 88' lang='lat' dir='ltr'>respectu</span> <span class='ocrx_word' id='word_1_162' title='bbox 853 1833 931 1896; x_wconf 89' lang='lat' dir='ltr'>ad</span> <span class='ocrx_word' id='word_1_163' title='bbox 976 1851 1269 1916; x_wconf 88' lang='lat' dir='ltr'>magnam</span> <span class='ocrx_word' id='word_1_164' title='bbox 1318 1834 1714 1899; x_wconf 81' lang='lat' dir='ltr'>securitatem</span> <span class='ocrx_word' id='word_1_165' title='bbox 1766 1835 1831 1897; x_wconf 85' lang='lat' dir='ltr'>et</span> <span class='ocrx_word' id='word_1_166' title='bbox 1874 1835 2213 1910; x_wconf 89' lang='lat' dir='ltr'>comodum,</span> <span class='ocrx_word' id='word_1_167' title='bbox 2264 1853 2452 1916; x_wconf 87' lang='lat' dir='ltr'>quam</span> <span class='ocrx_word' id='word_1_168' title='bbox 2499 1836 2629 1898; x_wconf 88' lang='lat' dir='ltr'>tarn</span> <span class='ocrx_word' id='word_1_169' title='bbox 2671 1834 2862 1898; x_wconf 86' lang='lat' dir='ltr'>statui</span> <span class='ocrx_word' id='word_1_170' title='bbox 2909 1835 3117 1897; x_wconf 89' lang='lat' dir='ltr'>nostro</span> <span class='ocrx_word' id='word_1_171' title='bbox 3165 1832 3227 1895; x_wconf 91' lang='lat' dir='ltr'>in</span> 
     </span>
     <span class='ocr_line' id='line_1_19' title="bbox 527 1920 3229 2004; baseline -0.001 -20"><span class='ocrx_word' id='word_1_172' title='bbox 527 1921 710 1985; x_wconf 88' lang='lat' dir='ltr'>dictis</span> <span class='ocrx_word' id='word_1_173' title='bbox 756 1921 1030 2003; x_wconf 83' lang='lat' dir='ltr'>partibus</span> <span class='ocrx_word' id='word_1_174' title='bbox 1077 1921 1414 2001; x_wconf 86' lang='lat' dir='ltr'>Sclavenie,</span> <span class='ocrx_word' id='word_1_175' title='bbox 1464 1940 1649 2004; x_wconf 90' lang='lat' dir='ltr'>quam</span> <span class='ocrx_word' id='word_1_176' title='bbox 1697 1922 1880 1986; x_wconf 85' lang='lat' dir='ltr'>terris</span> <span class='ocrx_word' id='word_1_177' title='bbox 1927 1921 2152 1985; x_wconf 87' lang='lat' dir='ltr'>nostris</span> <span class='ocrx_word' id='word_1_178' title='bbox 2198 1924 2453 2004; x_wconf 85' lang='lat' dir='ltr'>prestat,</span> <span class='ocrx_word' id='word_1_179' title='bbox 2504 1926 2568 1986; x_wconf 86' lang='lat' dir='ltr'>et</span> <span class='ocrx_word' id='word_1_180' title='bbox 2612 1921 2688 1986; x_wconf 87' lang='lat' dir='ltr'>ad</span> <span class='ocrx_word' id='word_1_181' title='bbox 2721 1940 3016 2003; x_wconf 88' lang='lat' dir='ltr'>magnum</span> <span class='ocrx_word' id='word_1_182' title='bbox 3061 1920 3229 1983; x_wconf 91' lang='lat' dir='ltr'>inco-</span> 
     </span>
     <span class='ocr_line' id='line_1_20' title="bbox 522 2007 3228 2093; baseline -0.001 -20"><span class='ocrx_word' id='word_1_183' title='bbox 522 2008 798 2086; x_wconf 89' lang='lat' dir='ltr'>modum,</span> <span class='ocrx_word' id='word_1_184' title='bbox 847 2008 918 2088; x_wconf 91' lang='lat' dir='ltr'>si,</span> <span class='ocrx_word' id='word_1_185' title='bbox 967 2010 1123 2091; x_wconf 87' lang='lat' dir='ltr'>quod</span> <span class='ocrx_word' id='word_1_186' title='bbox 1166 2009 1351 2089; x_wconf 90' lang='lat' dir='ltr'>absit,</span> <span class='ocrx_word' id='word_1_187' title='bbox 1411 2010 1546 2093; x_wconf 91' lang='lat' dir='ltr'>ipsa</span> <span class='ocrx_word' id='word_1_188' title='bbox 1608 2012 1816 2074; x_wconf 87' lang='lat' dir='ltr'>castra</span> <span class='ocrx_word' id='word_1_189' title='bbox 1875 2009 2229 2075; x_wconf 83' lang='lat' dir='ltr'>devenirent</span> <span class='ocrx_word' id='word_1_190' title='bbox 2284 2012 2360 2075; x_wconf 86' lang='lat' dir='ltr'>ad</span> <span class='ocrx_word' id='word_1_191' title='bbox 2424 2028 2640 2074; x_wconf 89' lang='lat' dir='ltr'>manus</span> <span class='ocrx_word' id='word_1_192' title='bbox 2684 2009 3116 2092; x_wconf 86' lang='lat' dir='ltr'>Ungarorum,</span> <span class='ocrx_word' id='word_1_193' title='bbox 3163 2007 3228 2071; x_wconf 90' lang='lat' dir='ltr'>in</span> 
     </span>
     <span class='ocr_line' id='line_1_21' title="bbox 522 2095 3228 2180; baseline -0.001 -18"><span class='ocrx_word' id='word_1_194' title='bbox 522 2096 682 2180; x_wconf 91' lang='lat' dir='ltr'>quod</span> <span class='ocrx_word' id='word_1_195' title='bbox 728 2100 891 2161; x_wconf 89' lang='lat' dir='ltr'>terre</span> <span class='ocrx_word' id='word_1_196' title='bbox 936 2100 1145 2162; x_wconf 89' lang='lat' dir='ltr'>nostre</span> <span class='ocrx_word' id='word_1_197' title='bbox 1186 2098 1587 2175; x_wconf 87' lang='lat' dir='ltr'>incurrerent,</span> <span class='ocrx_word' id='word_1_198' title='bbox 1628 2117 1767 2163; x_wconf 92' lang='lat' dir='ltr'>cum</span> <span class='ocrx_word' id='word_1_199' title='bbox 1816 2098 1878 2163; x_wconf 89' lang='lat' dir='ltr'>in</span> <span class='ocrx_word' id='word_1_200' title='bbox 1924 2097 2089 2163; x_wconf 92' lang='lat' dir='ltr'>dicto</span> <span class='ocrx_word' id='word_1_201' title='bbox 2137 2117 2281 2162; x_wconf 89' lang='lat' dir='ltr'>casu</span> <span class='ocrx_word' id='word_1_202' title='bbox 2328 2100 2390 2162; x_wconf 91' lang='lat' dir='ltr'>in</span> <span class='ocrx_word' id='word_1_203' title='bbox 2436 2100 2637 2162; x_wconf 90' lang='lat' dir='ltr'>totum</span> <span class='ocrx_word' id='word_1_204' title='bbox 2702 2100 2908 2163; x_wconf 87' lang='lat' dir='ltr'>essent</span> <span class='ocrx_word' id='word_1_205' title='bbox 2951 2095 3228 2160; x_wconf 87' lang='lat' dir='ltr'>desolate</span> 
     </span>
     <span class='ocr_line' id='line_1_22' title="bbox 518 2182 3227 2270; baseline -0.001 -20"><span class='ocrx_word' id='word_1_206' title='bbox 518 2187 583 2251; x_wconf 87' lang='lat' dir='ltr'>et</span> <span class='ocrx_word' id='word_1_207' title='bbox 626 2185 980 2250; x_wconf 84' lang='lat' dir='ltr'>destructe:</span> <span class='ocrx_word' id='word_1_208' title='bbox 1027 2185 1202 2250; x_wconf 89' lang='lat' dir='ltr'>vadit</span> <span class='ocrx_word' id='word_1_209' title='bbox 1243 2205 1404 2268; x_wconf 88' lang='lat' dir='ltr'>pars,</span> <span class='ocrx_word' id='word_1_210' title='bbox 1453 2186 1609 2270; x_wconf 91' lang='lat' dir='ltr'>quod</span> <span class='ocrx_word' id='word_1_211' title='bbox 1655 2205 1765 2269; x_wconf 92' lang='lat' dir='ltr'>pro</span> <span class='ocrx_word' id='word_1_212' title='bbox 1813 2186 2100 2251; x_wconf 84' lang='lat' dir='ltr'>velociori</span> <span class='ocrx_word' id='word_1_213' title='bbox 2167 2186 2546 2269; x_wconf 82' lang='lat' dir='ltr'>expeditione</span> <span class='ocrx_word' id='word_1_214' title='bbox 2609 2185 2847 2269; x_wconf 90' lang='lat' dir='ltr'>negocii</span> <span class='ocrx_word' id='word_1_215' title='bbox 2893 2182 3227 2269; x_wconf 87' lang='lat' dir='ltr'>supradicti</span> 
     </span>
     <span class='ocr_line' id='line_1_23' title="bbox 518 2270 3229 2358; baseline -0.002 -19"><span class='ocrx_word' id='word_1_216' title='bbox 518 2273 825 2339; x_wconf 87' lang='lat' dir='ltr'>scribatur</span> <span class='ocrx_word' id='word_1_217' title='bbox 869 2274 1201 2338; x_wconf 87' lang='lat' dir='ltr'>comitibus</span> <span class='ocrx_word' id='word_1_218' title='bbox 1248 2274 1479 2339; x_wconf 89' lang='lat' dir='ltr'>nostris</span> <span class='ocrx_word' id='word_1_219' title='bbox 1525 2274 1813 2358; x_wconf 84' lang='lat' dir='ltr'>Tragurii</span> <span class='ocrx_word' id='word_1_220' title='bbox 1859 2276 1923 2338; x_wconf 90' lang='lat' dir='ltr'>et</span> <span class='ocrx_word' id='word_1_221' title='bbox 1967 2273 2240 2356; x_wconf 88' lang='lat' dir='ltr'>Spalati,</span> <span class='ocrx_word' id='word_1_222' title='bbox 2289 2276 2447 2357; x_wconf 91' lang='lat' dir='ltr'>quod</span> <span class='ocrx_word' id='word_1_223' title='bbox 2502 2277 2784 2358; x_wconf 87' lang='lat' dir='ltr'>optantes</span> <span class='ocrx_word' id='word_1_224' title='bbox 2846 2293 2954 2358; x_wconf 90' lang='lat' dir='ltr'>pro</span> <span class='ocrx_word' id='word_1_225' title='bbox 2999 2270 3229 2337; x_wconf 89' lang='lat' dir='ltr'>securi-</span> 
     </span>
     <span class='ocr_line' id='line_1_24' title="bbox 518 2361 3230 2445; baseline -0.001 -18"><span class='ocrx_word' id='word_1_226' title='bbox 518 2364 650 2428; x_wconf 85' lang='lat' dir='ltr'>tate</span> <span class='ocrx_word' id='word_1_227' title='bbox 698 2362 911 2426; x_wconf 88' lang='lat' dir='ltr'>nostra</span> <span class='ocrx_word' id='word_1_228' title='bbox 957 2364 1020 2426; x_wconf 92' lang='lat' dir='ltr'>et</span> <span class='ocrx_word' id='word_1_229' title='bbox 1062 2362 1217 2427; x_wconf 92' lang='lat' dir='ltr'>bono</span> <span class='ocrx_word' id='word_1_230' title='bbox 1257 2364 1557 2427; x_wconf 84' lang='lat' dir='ltr'>terrarum</span> <span class='ocrx_word' id='word_1_231' title='bbox 1606 2367 1959 2427; x_wconf 83' lang='lat' dir='ltr'>nostrarum</span> <span class='ocrx_word' id='word_1_232' title='bbox 2023 2362 2246 2427; x_wconf 87' lang='lat' dir='ltr'>habere</span> <span class='ocrx_word' id='word_1_233' title='bbox 2292 2364 2356 2427; x_wconf 90' lang='lat' dir='ltr'>in</span> <span class='ocrx_word' id='word_1_234' title='bbox 2400 2365 2611 2429; x_wconf 88' lang='lat' dir='ltr'>nostra</span> <span class='ocrx_word' id='word_1_235' title='bbox 2657 2365 2969 2445; x_wconf 88' lang='lat' dir='ltr'>potestate</span> <span class='ocrx_word' id='word_1_236' title='bbox 3017 2363 3078 2425; x_wconf 86' lang='lat' dir='ltr'>et</span> <span class='ocrx_word' id='word_1_237' title='bbox 3125 2361 3230 2424; x_wconf 86' lang='lat' dir='ltr'>do-</span> 
     </span>
     <span class='ocr_line' id='line_1_25' title="bbox 519 2447 3228 2534; baseline -0.002 -18"><span class='ocrx_word' id='word_1_238' title='bbox 519 2451 712 2516; x_wconf 90' lang='lat' dir='ltr'>minio</span> <span class='ocrx_word' id='word_1_239' title='bbox 758 2452 979 2527; x_wconf 89' lang='lat' dir='ltr'>castra,</span> <span class='ocrx_word' id='word_1_240' title='bbox 1026 2469 1141 2533; x_wconf 90' lang='lat' dir='ltr'>que</span> <span class='ocrx_word' id='word_1_241' title='bbox 1190 2450 1435 2515; x_wconf 90' lang='lat' dir='ltr'>fuerunt</span> <span class='ocrx_word' id='word_1_242' title='bbox 1478 2450 1723 2515; x_wconf 90' lang='lat' dir='ltr'>comitis</span> <span class='ocrx_word' id='word_1_243' title='bbox 1770 2449 2092 2527; x_wconf 86' lang='lat' dir='ltr'>Maladini,</span> <span class='ocrx_word' id='word_1_244' title='bbox 2140 2450 2506 2516; x_wconf 88' lang='lat' dir='ltr'>mandamus</span> <span class='ocrx_word' id='word_1_245' title='bbox 2555 2452 2663 2529; x_wconf 78' lang='lat' dir='ltr'>eiS,</span> <span class='ocrx_word' id='word_1_246' title='bbox 2713 2457 3014 2534; x_wconf 90' lang='lat' dir='ltr'>quatenus</span> <span class='ocrx_word' id='word_1_247' title='bbox 3061 2447 3228 2513; x_wconf 89' lang='lat' dir='ltr'>omni</span> 
     </span>
     <span class='ocr_line' id='line_1_26' title="bbox 520 2538 3230 2620; baseline -0.001 -16"><span class='ocrx_word' id='word_1_248' title='bbox 520 2557 691 2604; x_wconf 88' lang='lat' dir='ltr'>mora</span> <span class='ocrx_word' id='word_1_249' title='bbox 734 2539 1093 2620; x_wconf 84' lang='lat' dir='ltr'>postposita,</span> <span class='ocrx_word' id='word_1_250' title='bbox 1146 2558 1280 2603; x_wconf 91' lang='lat' dir='ltr'>esse</span> <span class='ocrx_word' id='word_1_251' title='bbox 1327 2541 1393 2604; x_wconf 88' lang='lat' dir='ltr'>et</span> <span class='ocrx_word' id='word_1_252' title='bbox 1436 2539 1708 2604; x_wconf 88' lang='lat' dir='ltr'>conferre</span> <span class='ocrx_word' id='word_1_253' title='bbox 1769 2538 2035 2602; x_wconf 87' lang='lat' dir='ltr'>debeant</span> <span class='ocrx_word' id='word_1_254' title='bbox 2095 2557 2238 2603; x_wconf 89' lang='lat' dir='ltr'>cum</span> <span class='ocrx_word' id='word_1_255' title='bbox 2302 2540 2524 2604; x_wconf 86' lang='lat' dir='ltr'>comite</span> <span class='ocrx_word' id='word_1_256' title='bbox 2577 2539 2803 2618; x_wconf 88' lang='lat' dir='ltr'>Paulo,</span> <span class='ocrx_word' id='word_1_257' title='bbox 2852 2538 3041 2602; x_wconf 87' lang='lat' dir='ltr'>fratre</span> <span class='ocrx_word' id='word_1_258' title='bbox 3088 2556 3230 2601; x_wconf 90' lang='lat' dir='ltr'>con-</span> 
     </span>
     <span class='ocr_line' id='line_1_27' title="bbox 519 2625 3228 2712; baseline -0.001 -20"><span class='ocrx_word' id='word_1_259' title='bbox 519 2627 665 2692; x_wconf 89' lang='lat' dir='ltr'>dam</span> <span class='ocrx_word' id='word_1_260' title='bbox 713 2625 958 2692; x_wconf 86' lang='lat' dir='ltr'>comitis</span> <span class='ocrx_word' id='word_1_261' title='bbox 1003 2626 1303 2692; x_wconf 88' lang='lat' dir='ltr'>Maladini</span> <span class='ocrx_word' id='word_1_262' title='bbox 1367 2632 1430 2692; x_wconf 89' lang='lat' dir='ltr'>et</span> <span class='ocrx_word' id='word_1_263' title='bbox 1475 2628 1955 2712; x_wconf 60' lang='lat' dir='ltr'>procura1·e,*ut</span> <span class='ocrx_word' id='word_1_264' title='bbox 2015 2627 2217 2692; x_wconf 91' lang='lat' dir='ltr'>dictus</span> <span class='ocrx_word' id='word_1_265' title='bbox 2281 2647 2483 2698; x_wconf 86' lang='lat' dir='ltr'>comes</span> <span class='ocrx_word' id='word_1_266' title='bbox 2530 2627 2764 2693; x_wconf 87' lang='lat' dir='ltr'>Paulus</span> <span class='ocrx_word' id='word_1_267' title='bbox 2811 2626 2985 2692; x_wconf 90' lang='lat' dir='ltr'>nobis</span> <span class='ocrx_word' id='word_1_268' title='bbox 3026 2625 3228 2691; x_wconf 87' lang='lat' dir='ltr'>dicere</span> 
     </span>
     <span class='ocr_line' id='line_1_28' title="bbox 522 2713 3230 2798; baseline -0.001 -18"><span class='ocrx_word' id='word_1_269' title='bbox 522 2715 671 2780; x_wconf 86' lang='lat' dir='ltr'>fecit</span> <span class='ocrx_word' id='word_1_270' title='bbox 716 2734 824 2798; x_wconf 87' lang='lat' dir='ltr'>per</span> <span class='ocrx_word' id='word_1_271' title='bbox 871 2734 1051 2779; x_wconf 90' lang='lat' dir='ltr'>suum</span> <span class='ocrx_word' id='word_1_272' title='bbox 1097 2717 1590 2793; x_wconf 84' lang='lat' dir='ltr'>ambaxatorem,</span> <span class='ocrx_word' id='word_1_273' title='bbox 1657 2719 1721 2781; x_wconf 87' lang='lat' dir='ltr'>et</span> <span class='ocrx_word' id='word_1_274' title='bbox 1766 2718 1837 2779; x_wconf 92' lang='lat' dir='ltr'>ut</span> <span class='ocrx_word' id='word_1_275' title='bbox 1892 2715 2151 2780; x_wconf 90' lang='lat' dir='ltr'>condam</span> <span class='ocrx_word' id='word_1_276' title='bbox 2215 2735 2418 2781; x_wconf 90' lang='lat' dir='ltr'>comes</span> <span class='ocrx_word' id='word_1_277' title='bbox 2465 2716 2820 2781; x_wconf 89' lang='lat' dir='ltr'>Maladinus</span> <span class='ocrx_word' id='word_1_278' title='bbox 2865 2717 3053 2780; x_wconf 80' lang='lat' dir='ltr'>frater</span> <span class='ocrx_word' id='word_1_279' title='bbox 3099 2713 3230 2778; x_wconf 93' lang='lat' dir='ltr'>eius</span> 
     </span>
     <span class='ocr_line' id='line_1_29' title="bbox 522 2801 3230 2882; baseline -0.001 -14"><span class='ocrx_word' id='word_1_280' title='bbox 522 2802 642 2868; x_wconf 87' lang='lat' dir='ltr'>sibi</span> <span class='ocrx_word' id='word_1_281' title='bbox 688 2801 966 2882; x_wconf 88' lang='lat' dir='ltr'>iniunsit,</span> <span class='ocrx_word' id='word_1_282' title='bbox 1015 2803 1283 2868; x_wconf 88' lang='lat' dir='ltr'>habendi</span> <span class='ocrx_word' id='word_1_283' title='bbox 1327 2804 1390 2869; x_wconf 90' lang='lat' dir='ltr'>in</span> <span class='ocrx_word' id='word_1_284' title='bbox 1429 2806 1635 2869; x_wconf 89' lang='lat' dir='ltr'>nostro</span> <span class='ocrx_word' id='word_1_285' title='bbox 1680 2804 1947 2868; x_wconf 92' lang='lat' dir='ltr'>dominio</span> <span class='ocrx_word' id='word_1_286' title='bbox 1993 2803 2162 2868; x_wconf 88' lang='lat' dir='ltr'>dicta</span> <span class='ocrx_word' id='word_1_287' title='bbox 2206 2807 2430 2882; x_wconf 86' lang='lat' dir='ltr'>castra,</span> <span class='ocrx_word' id='word_1_288' title='bbox 2483 2806 2546 2869; x_wconf 89' lang='lat' dir='ltr'>et</span> <span class='ocrx_word' id='word_1_289' title='bbox 2590 2804 2964 2869; x_wconf 87' lang='lat' dir='ltr'>confidentes</span> <span class='ocrx_word' id='word_1_290' title='bbox 3010 2803 3086 2867; x_wconf 88' lang='lat' dir='ltr'>de</span> <span class='ocrx_word' id='word_1_291' title='bbox 3119 2820 3230 2866; x_wconf 85' lang='lat' dir='ltr'>sua</span> 
     </span>
     <span class='ocr_line' id='line_1_30' title="bbox 525 2891 3230 2977; baseline -0.001 -20"><span class='ocrx_word' id='word_1_292' title='bbox 525 2891 836 2975; x_wconf 87' lang='lat' dir='ltr'>sapiencia</span> <span class='ocrx_word' id='word_1_293' title='bbox 880 2893 944 2955; x_wconf 89' lang='lat' dir='ltr'>et</span> <span class='ocrx_word' id='word_1_294' title='bbox 983 2892 1289 2974; x_wconf 85' lang='lat' dir='ltr'>probitate</span> <span class='ocrx_word' id='word_1_295' title='bbox 1335 2893 1398 2956; x_wconf 91' lang='lat' dir='ltr'>in</span> <span class='ocrx_word' id='word_1_296' title='bbox 1443 2911 1556 2957; x_wconf 90' lang='lat' dir='ltr'>sua</span> <span class='ocrx_word' id='word_1_297' title='bbox 1599 2892 1892 2957; x_wconf 85' lang='lat' dir='ltr'>libertate</span> <span class='ocrx_word' id='word_1_298' title='bbox 1938 2892 2342 2975; x_wconf 88' lang='lat' dir='ltr'>relinquimus</span> <span class='ocrx_word' id='word_1_299' title='bbox 2388 2893 2673 2975; x_wconf 88' lang='lat' dir='ltr'>possendi</span> <span class='ocrx_word' id='word_1_300' title='bbox 2714 2892 3074 2977; x_wconf 87' lang='lat' dir='ltr'>promittere</span> <span class='ocrx_word' id='word_1_301' title='bbox 3120 2908 3230 2955; x_wconf 90' lang='lat' dir='ltr'>an-</span> 
     </span>
     <span class='ocr_line' id='line_1_31' title="bbox 518 2979 3229 3064; baseline -0 -21"><span class='ocrx_word' id='word_1_302' title='bbox 518 2979 758 3044; x_wconf 91' lang='lat' dir='ltr'>nuatim</span> <span class='ocrx_word' id='word_1_303' title='bbox 803 2997 912 3062; x_wconf 90' lang='lat' dir='ltr'>pro</span> <span class='ocrx_word' id='word_1_304' title='bbox 956 2982 1166 3045; x_wconf 87' lang='lat' dir='ltr'>nostro</span> <span class='ocrx_word' id='word_1_305' title='bbox 1211 2981 1522 3045; x_wconf 90' lang='lat' dir='ltr'>communi</span> <span class='ocrx_word' id='word_1_306' title='bbox 1569 2980 1736 3046; x_wconf 90' lang='lat' dir='ltr'>dicto</span> <span class='ocrx_word' id='word_1_307' title='bbox 1782 2981 1995 3046; x_wconf 87' lang='lat' dir='ltr'>comiti</span> <span class='ocrx_word' id='word_1_308' title='bbox 2039 2981 2229 3046; x_wconf 91' lang='lat' dir='ltr'>Paulo</span> <span class='ocrx_word' id='word_1_309' title='bbox 2277 2984 2553 3064; x_wconf 86' lang='lat' dir='ltr'>tempore</span> <span class='ocrx_word' id='word_1_310' title='bbox 2602 2982 2726 3047; x_wconf 84' lang='lat' dir='ltr'>vite</span> <span class='ocrx_word' id='word_1_311' title='bbox 2775 3000 2881 3046; x_wconf 92' lang='lat' dir='ltr'>sue</span> <span class='ocrx_word' id='word_1_312' title='bbox 2930 3000 3121 3063; x_wconf 85' lang='lat' dir='ltr'>usque</span> <span class='ocrx_word' id='word_1_313' title='bbox 3151 2980 3229 3043; x_wconf 87' lang='lat' dir='ltr'>ad</span> 
     </span>
     <span class='ocr_line' id='line_1_32' title="bbox 521 3067 3226 3151; baseline -0.001 -20"><span class='ocrx_word' id='word_1_314' title='bbox 521 3067 713 3132; x_wconf 82' lang='lat' dir='ltr'>libras</span> <span class='ocrx_word' id='word_1_315' title='bbox 757 3067 875 3131; x_wconf 93' lang='lat' dir='ltr'>duo</span> <span class='ocrx_word' id='word_1_316' title='bbox 906 3068 1078 3132; x_wconf 87' lang='lat' dir='ltr'>milia</span> <span class='ocrx_word' id='word_1_317' title='bbox 1123 3087 1446 3151; x_wconf 88' lang='lat' dir='ltr'>parvorum</span> <span class='ocrx_word' id='word_1_318' title='bbox 1494 3070 1848 3136; x_wconf 85' lang='lat' dir='ltr'>venetorum</span> <span class='ocrx_word' id='word_1_319' title='bbox 1912 3068 2011 3134; x_wconf 92' lang='lat' dir='ltr'>vel</span> <span class='ocrx_word' id='word_1_320' title='bbox 2065 3070 2202 3134; x_wconf 90' lang='lat' dir='ltr'>inde</span> <span class='ocrx_word' id='word_1_321' title='bbox 2263 3069 2460 3148; x_wconf 87' lang='lat' dir='ltr'>infra,</span> <span class='ocrx_word' id='word_1_322' title='bbox 2534 3072 2604 3134; x_wconf 91' lang='lat' dir='ltr'>ut</span> <span class='ocrx_word' id='word_1_323' title='bbox 2646 3070 2868 3134; x_wconf 90' lang='lat' dir='ltr'>melius</span> <span class='ocrx_word' id='word_1_324' title='bbox 2914 3072 2979 3133; x_wconf 93' lang='lat' dir='ltr'>et</span> <span class='ocrx_word' id='word_1_325' title='bbox 3023 3068 3226 3131; x_wconf 90' lang='lat' dir='ltr'>minus</span> 
     </span>
     <span class='ocr_line' id='line_1_33' title="bbox 519 3154 3226 3239; baseline -0 -21"><span class='ocrx_word' id='word_1_326' title='bbox 519 3154 653 3219; x_wconf 91' lang='lat' dir='ltr'>fieri</span> <span class='ocrx_word' id='word_1_327' title='bbox 698 3174 805 3237; x_wconf 87' lang='lat' dir='ltr'>per</span> <span class='ocrx_word' id='word_1_328' title='bbox 850 3173 952 3220; x_wconf 89' lang='lat' dir='ltr'>eos</span> <span class='ocrx_word' id='word_1_329' title='bbox 996 3158 1239 3239; x_wconf 90' lang='lat' dir='ltr'>poterit,</span> <span class='ocrx_word' id='word_1_330' title='bbox 1293 3155 1475 3221; x_wconf 87' lang='lat' dir='ltr'>dante</span> <span class='ocrx_word' id='word_1_331' title='bbox 1520 3157 1697 3222; x_wconf 89' lang='lat' dir='ltr'>nobis</span> <span class='ocrx_word' id='word_1_332' title='bbox 1745 3157 1908 3221; x_wconf 88' lang='lat' dir='ltr'>dicto</span> <span class='ocrx_word' id='word_1_333' title='bbox 1956 3158 2178 3222; x_wconf 89' lang='lat' dir='ltr'>comite</span> <span class='ocrx_word' id='word_1_334' title='bbox 2210 3157 2401 3222; x_wconf 90' lang='lat' dir='ltr'>Paulo</span> <span class='ocrx_word' id='word_1_335' title='bbox 2434 3158 2600 3222; x_wconf 85' lang='lat' dir='ltr'>dicta</span> <span class='ocrx_word' id='word_1_336' title='bbox 2632 3159 2833 3223; x_wconf 88' lang='lat' dir='ltr'>castra</span> <span class='ocrx_word' id='word_1_337' title='bbox 2863 3157 3053 3221; x_wconf 90' lang='lat' dir='ltr'>libere</span> <span class='ocrx_word' id='word_1_338' title='bbox 3085 3173 3226 3219; x_wconf 93' lang='lat' dir='ltr'>cum</span> 
     </span>
     <span class='ocr_line' id='line_1_34' title="bbox 519 3242 3227 3328; baseline -0.001 -20"><span class='ocrx_word' id='word_1_339' title='bbox 519 3242 801 3308; x_wconf 88' lang='lat' dir='ltr'>omnibus</span> <span class='ocrx_word' id='word_1_340' title='bbox 847 3243 975 3308; x_wconf 92' lang='lat' dir='ltr'>suis</span> <span class='ocrx_word' id='word_1_341' title='bbox 1020 3244 1435 3326; x_wconf 77' lang='lat' dir='ltr'>pertinenciiS,</span> <span class='ocrx_word' id='word_1_342' title='bbox 1480 3245 1781 3311; x_wconf 86' lang='lat' dir='ltr'>fructibus</span> <span class='ocrx_word' id='word_1_343' title='bbox 1832 3248 1895 3310; x_wconf 89' lang='lat' dir='ltr'>et</span> <span class='ocrx_word' id='word_1_344' title='bbox 1942 3245 2342 3327; x_wconf 87' lang='lat' dir='ltr'>proventibus</span> <span class='ocrx_word' id='word_1_345' title='bbox 2391 3247 2660 3328; x_wconf 90' lang='lat' dir='ltr'>ipsorum</span> <span class='ocrx_word' id='word_1_346' title='bbox 2706 3249 3085 3320; x_wconf 87' lang='lat' dir='ltr'>castrorum,</span> <span class='ocrx_word' id='word_1_347' title='bbox 3132 3260 3227 3306; x_wconf 89' lang='lat' dir='ltr'>re-</span> 
     </span>
     <span class='ocr_line' id='line_1_35' title="bbox 525 3330 3227 3415; baseline -0.002 -17"><span class='ocrx_word' id='word_1_348' title='bbox 525 3330 915 3398; x_wconf 88' lang='lat' dir='ltr'>manentibus</span> <span class='ocrx_word' id='word_1_349' title='bbox 962 3333 1328 3397; x_wconf 87' lang='lat' dir='ltr'>victualibus</span> <span class='ocrx_word' id='word_1_350' title='bbox 1374 3335 1439 3397; x_wconf 91' lang='lat' dir='ltr'>et</span> <span class='ocrx_word' id='word_1_351' title='bbox 1483 3332 1623 3398; x_wconf 88' lang='lat' dir='ltr'>aliis</span> <span class='ocrx_word' id='word_1_352' title='bbox 1669 3332 2082 3411; x_wconf 83' lang='lat' dir='ltr'>furnimentis,</span> <span class='ocrx_word' id='word_1_353' title='bbox 2133 3353 2251 3415; x_wconf 91' lang='lat' dir='ltr'>que</span> <span class='ocrx_word' id='word_1_354' title='bbox 2298 3336 2504 3397; x_wconf 92' lang='lat' dir='ltr'>essent</span> <span class='ocrx_word' id='word_1_355' title='bbox 2574 3333 2638 3396; x_wconf 92' lang='lat' dir='ltr'>in</span> <span class='ocrx_word' id='word_1_356' title='bbox 2681 3334 2901 3397; x_wconf 88' lang='lat' dir='ltr'>castris</span> <span class='ocrx_word' id='word_1_357' title='bbox 2948 3348 3056 3414; x_wconf 91' lang='lat' dir='ltr'>pro</span> <span class='ocrx_word' id='word_1_358' title='bbox 3090 3349 3227 3394; x_wconf 91' lang='lat' dir='ltr'>mu-</span> 
     </span>
     <span class='ocr_line' id='line_1_36' title="bbox 525 3416 3225 3486; baseline -0.001 -2"><span class='ocrx_word' id='word_1_359' title='bbox 525 3418 755 3484; x_wconf 91' lang='lat' dir='ltr'>nitione</span> <span class='ocrx_word' id='word_1_360' title='bbox 802 3438 1009 3484; x_wconf 88' lang='lat' dir='ltr'>eorum</span> <span class='ocrx_word' id='word_1_361' title='bbox 1057 3421 1217 3485; x_wconf 88' lang='lat' dir='ltr'>dicto</span> <span class='ocrx_word' id='word_1_362' title='bbox 1279 3420 1490 3486; x_wconf 90' lang='lat' dir='ltr'>comiti</span> <span class='ocrx_word' id='word_1_363' title='bbox 1536 3422 1728 3486; x_wconf 84' lang='lat' dir='ltr'>Paulo</span> <span class='ocrx_word' id='word_1_364' title='bbox 1790 3421 1888 3485; x_wconf 93' lang='lat' dir='ltr'>vel</span> <span class='ocrx_word' id='word_1_365' title='bbox 1935 3439 2145 3485; x_wconf 85' lang='lat' dir='ltr'>eorum</span> <span class='ocrx_word' id='word_1_366' title='bbox 2207 3420 2617 3485; x_wconf 86' lang='lat' dir='ltr'>extimacioni.</span> <span class='ocrx_word' id='word_1_367' title='bbox 2683 3421 2765 3484; x_wconf 88' lang='lat' dir='ltr'>Et</span> <span class='ocrx_word' id='word_1_368' title='bbox 2801 3420 2965 3485; x_wconf 86' lang='lat' dir='ltr'>facto</span> <span class='ocrx_word' id='word_1_369' title='bbox 3013 3420 3075 3482; x_wconf 88' lang='lat' dir='ltr'>et</span> <span class='ocrx_word' id='word_1_370' title='bbox 3119 3416 3225 3481; x_wconf 90' lang='lat' dir='ltr'>fir-</span> 
     </span>
     <span class='ocr_line' id='line_1_37' title="bbox 524 3508 3222 3589; baseline -0.002 -17"><span class='ocrx_word' id='word_1_371' title='bbox 524 3508 691 3573; x_wconf 86' lang='lat' dir='ltr'>mato</span> <span class='ocrx_word' id='word_1_372' title='bbox 733 3508 1054 3574; x_wconf 91' lang='lat' dir='ltr'>concordio</span> <span class='ocrx_word' id='word_1_373' title='bbox 1099 3528 1239 3573; x_wconf 88' lang='lat' dir='ltr'>cum</span> <span class='ocrx_word' id='word_1_374' title='bbox 1281 3508 1446 3574; x_wconf 89' lang='lat' dir='ltr'>dicto</span> <span class='ocrx_word' id='word_1_375' title='bbox 1482 3509 1706 3574; x_wconf 91' lang='lat' dir='ltr'>comite</span> <span class='ocrx_word' id='word_1_376' title='bbox 1738 3508 1950 3585; x_wconf 87' lang='lat' dir='ltr'>Paule,</span> <span class='ocrx_word' id='word_1_377' title='bbox 1998 3508 2263 3574; x_wconf 86' lang='lat' dir='ltr'>debeant</span> <span class='ocrx_word' id='word_1_378' title='bbox 2294 3508 2445 3572; x_wconf 87' lang='lat' dir='ltr'>dicti</span> <span class='ocrx_word' id='word_1_379' title='bbox 2484 3508 2674 3572; x_wconf 90' lang='lat' dir='ltr'>nostri</span> <span class='ocrx_word' id='word_1_380' title='bbox 2706 3509 2959 3573; x_wconf 90' lang='lat' dir='ltr'>comites</span> <span class='ocrx_word' id='word_1_381' title='bbox 2999 3522 3222 3589; x_wconf 90' lang='lat' dir='ltr'>ponere</span> 
     </span>
     <span class='ocr_line' id='line_1_38' title="bbox 520 3593 3225 3679; baseline -0.001 -19"><span class='ocrx_word' id='word_1_382' title='bbox 520 3596 585 3660; x_wconf 90' lang='lat' dir='ltr'>in</span> <span class='ocrx_word' id='word_1_383' title='bbox 632 3595 834 3661; x_wconf 90' lang='lat' dir='ltr'>rochis</span> <span class='ocrx_word' id='word_1_384' title='bbox 882 3598 945 3661; x_wconf 90' lang='lat' dir='ltr'>et</span> <span class='ocrx_word' id='word_1_385' title='bbox 989 3596 1294 3661; x_wconf 88' lang='lat' dir='ltr'>fortiliciis</span> <span class='ocrx_word' id='word_1_386' title='bbox 1333 3598 1636 3662; x_wconf 90' lang='lat' dir='ltr'>dictorum</span> <span class='ocrx_word' id='word_1_387' title='bbox 1661 3599 2001 3663; x_wconf 89' lang='lat' dir='ltr'>castrorum</span> <span class='ocrx_word' id='word_1_388' title='bbox 2049 3596 2124 3660; x_wconf 94' lang='lat' dir='ltr'>de</span> <span class='ocrx_word' id='word_1_389' title='bbox 2169 3597 2351 3679; x_wconf 84' lang='lat' dir='ltr'>gente</span> <span class='ocrx_word' id='word_1_390' title='bbox 2376 3598 2585 3660; x_wconf 85' lang='lat' dir='ltr'>nostra</span> <span class='ocrx_word' id='word_1_391' title='bbox 2631 3614 2737 3678; x_wconf 87' lang='lat' dir='ltr'>per</span> <span class='ocrx_word' id='word_1_392' title='bbox 2772 3597 2949 3660; x_wconf 92' lang='lat' dir='ltr'>illum</span> <span class='ocrx_word' id='word_1_393' title='bbox 2979 3593 3225 3660; x_wconf 89' lang='lat' dir='ltr'>modum</span> 
     </span>
     <span class='ocr_line' id='line_1_39' title="bbox 522 3681 3229 3768; baseline -0.002 -18"><span class='ocrx_word' id='word_1_394' title='bbox 522 3685 588 3751; x_wconf 91' lang='lat' dir='ltr'>et</span> <span class='ocrx_word' id='word_1_395' title='bbox 635 3683 697 3748; x_wconf 91' lang='lat' dir='ltr'>in</span> <span class='ocrx_word' id='word_1_396' title='bbox 745 3685 854 3748; x_wconf 88' lang='lat' dir='ltr'>illa</span> <span class='ocrx_word' id='word_1_397' title='bbox 901 3686 1265 3767; x_wconf 85' lang='lat' dir='ltr'>quantitate,</span> <span class='ocrx_word' id='word_1_398' title='bbox 1316 3685 1421 3768; x_wconf 89' lang='lat' dir='ltr'>qui</span> <span class='ocrx_word' id='word_1_399' title='bbox 1466 3689 1529 3750; x_wconf 88' lang='lat' dir='ltr'>et</span> <span class='ocrx_word' id='word_1_400' title='bbox 1574 3705 1691 3768; x_wconf 90' lang='lat' dir='ltr'>que</span> <span class='ocrx_word' id='word_1_401' title='bbox 1737 3685 1857 3748; x_wconf 88' lang='lat' dir='ltr'>sibi</span> <span class='ocrx_word' id='word_1_402' title='bbox 1901 3683 2212 3749; x_wconf 88' lang='lat' dir='ltr'>videbitur</span> <span class='ocrx_word' id='word_1_403' title='bbox 2257 3702 2361 3765; x_wconf 91' lang='lat' dir='ltr'>pro</span> <span class='ocrx_word' id='word_1_404' title='bbox 2408 3685 2737 3749; x_wconf 87' lang='lat' dir='ltr'>securitate</span> <span class='ocrx_word' id='word_1_405' title='bbox 2785 3687 2996 3749; x_wconf 89' lang='lat' dir='ltr'>nostra</span> <span class='ocrx_word' id='word_1_406' title='bbox 3041 3684 3105 3747; x_wconf 90' lang='lat' dir='ltr'>in</span> <span class='ocrx_word' id='word_1_407' title='bbox 3135 3681 3229 3745; x_wconf 88' lang='lat' dir='ltr'>di-</span> 
     </span>
     <span class='ocr_line' id='line_1_40' title="bbox 518 3771 3227 3857; baseline -0.001 -19"><span class='ocrx_word' id='word_1_408' title='bbox 518 3772 636 3838; x_wconf 87' lang='lat' dir='ltr'>ctis</span> <span class='ocrx_word' id='word_1_409' title='bbox 683 3772 917 3845; x_wconf 86' lang='lat' dir='ltr'>castris,</span> <span class='ocrx_word' id='word_1_410' title='bbox 961 3772 1238 3837; x_wconf 87' lang='lat' dir='ltr'>faciendo</span> <span class='ocrx_word' id='word_1_411' title='bbox 1284 3776 1348 3837; x_wconf 89' lang='lat' dir='ltr'>et</span> <span class='ocrx_word' id='word_1_412' title='bbox 1393 3772 1783 3850; x_wconf 90' lang='lat' dir='ltr'>ostendendo,</span> <span class='ocrx_word' id='word_1_413' title='bbox 1834 3772 1990 3855; x_wconf 90' lang='lat' dir='ltr'>quod</span> <span class='ocrx_word' id='word_1_414' title='bbox 2033 3775 2247 3857; x_wconf 85' lang='lat' dir='ltr'>gentes</span> <span class='ocrx_word' id='word_1_415' title='bbox 2292 3775 2517 3851; x_wconf 88' lang='lat' dir='ltr'>nostre,</span> <span class='ocrx_word' id='word_1_416' title='bbox 2567 3791 2681 3856; x_wconf 90' lang='lat' dir='ltr'>que</span> <span class='ocrx_word' id='word_1_417' title='bbox 2723 3776 2903 3838; x_wconf 89' lang='lat' dir='ltr'>erunt</span> <span class='ocrx_word' id='word_1_418' title='bbox 2946 3772 3011 3837; x_wconf 91' lang='lat' dir='ltr'>in</span> <span class='ocrx_word' id='word_1_419' title='bbox 3044 3771 3227 3837; x_wconf 86' lang='lat' dir='ltr'>dictis</span> 
     </span>
     <span class='ocr_line' id='line_1_41' title="bbox 519 3860 3231 3943; baseline -0.001 -17"><span class='ocrx_word' id='word_1_420' title='bbox 519 3860 723 3926; x_wconf 87' lang='lat' dir='ltr'>rochis</span> <span class='ocrx_word' id='word_1_421' title='bbox 767 3863 831 3924; x_wconf 89' lang='lat' dir='ltr'>et</span> <span class='ocrx_word' id='word_1_422' title='bbox 876 3861 1205 3940; x_wconf 76' lang='lat' dir='ltr'>fortiliciiS,</span> <span class='ocrx_word' id='word_1_423' title='bbox 1251 3862 1600 3926; x_wconf 87' lang='lat' dir='ltr'>custodiant</span> <span class='ocrx_word' id='word_1_424' title='bbox 1643 3862 1778 3943; x_wconf 88' lang='lat' dir='ltr'>ipsa</span> <span class='ocrx_word' id='word_1_425' title='bbox 1835 3863 2037 3926; x_wconf 85' lang='lat' dir='ltr'>castra</span> <span class='ocrx_word' id='word_1_426' title='bbox 2083 3861 2196 3927; x_wconf 75' lang='lat' dir='ltr'>sub</span> <span class='ocrx_word' id='word_1_427' title='bbox 2260 3861 2483 3925; x_wconf 83' lang='lat' dir='ltr'>vexillo</span> <span class='ocrx_word' id='word_1_428' title='bbox 2532 3861 2596 3926; x_wconf 91' lang='lat' dir='ltr'>et</span> <span class='ocrx_word' id='word_1_429' title='bbox 2641 3861 2886 3926; x_wconf 90' lang='lat' dir='ltr'>nomine</span> <span class='ocrx_word' id='word_1_430' title='bbox 2932 3860 3083 3926; x_wconf 89' lang='lat' dir='ltr'>dicti</span> <span class='ocrx_word' id='word_1_431' title='bbox 3130 3877 3231 3925; x_wconf 89' lang='lat' dir='ltr'>co·</span> 
     </span>
     <span class='ocr_line' id='line_1_42' title="bbox 520 3948 3230 4035; baseline 0 -21"><span class='ocrx_word' id='word_1_432' title='bbox 520 3948 692 4014; x_wconf 89' lang='lat' dir='ltr'>mitis</span> <span class='ocrx_word' id='word_1_433' title='bbox 739 3948 936 4025; x_wconf 89' lang='lat' dir='ltr'>Pauli,</span> <span class='ocrx_word' id='word_1_434' title='bbox 985 3951 1055 4014; x_wconf 89' lang='lat' dir='ltr'>ut</span> <span class='ocrx_word' id='word_1_435' title='bbox 1098 3949 1283 4026; x_wconf 84' lang='lat' dir='ltr'>facta,</span> <span class='ocrx_word' id='word_1_436' title='bbox 1332 3968 1449 4032; x_wconf 91' lang='lat' dir='ltr'>que</span> <span class='ocrx_word' id='word_1_437' title='bbox 1480 3967 1643 4014; x_wconf 90' lang='lat' dir='ltr'>nunc</span> <span class='ocrx_word' id='word_1_438' title='bbox 1682 3950 1981 4014; x_wconf 88' lang='lat' dir='ltr'>habemus</span> <span class='ocrx_word' id='word_1_439' title='bbox 2014 3949 2212 4015; x_wconf 88' lang='lat' dir='ltr'>facere</span> <span class='ocrx_word' id='word_1_440' title='bbox 2245 3969 2383 4014; x_wconf 93' lang='lat' dir='ltr'>cum</span> <span class='ocrx_word' id='word_1_441' title='bbox 2418 3968 2564 4033; x_wconf 87' lang='lat' dir='ltr'>rege</span> <span class='ocrx_word' id='word_1_442' title='bbox 2598 3949 2888 4035; x_wconf 85' lang='lat' dir='ltr'>Ungarie,</span> <span class='ocrx_word' id='word_1_443' title='bbox 2936 3951 2999 4015; x_wconf 92' lang='lat' dir='ltr'>in</span> <span class='ocrx_word' id='word_1_444' title='bbox 3027 3949 3230 4033; x_wconf 87' lang='lat' dir='ltr'>aliquo</span> 
     </span>
     <span class='ocr_line' id='line_1_43' title="bbox 520 4037 2523 4122; baseline 0 -19"><span class='ocrx_word' id='word_1_445' title='bbox 520 4039 766 4121; x_wconf 86' lang='lat' dir='ltr'>propter</span> <span class='ocrx_word' id='word_1_446' title='bbox 811 4038 924 4102; x_wconf 89' lang='lat' dir='ltr'>hoc</span> <span class='ocrx_word' id='word_1_447' title='bbox 969 4037 1286 4103; x_wconf 86' lang='lat' dir='ltr'>sinistrum</span> <span class='ocrx_word' id='word_1_448' title='bbox 1334 4040 1398 4103; x_wconf 89' lang='lat' dir='ltr'>et</span> <span class='ocrx_word' id='word_1_449' title='bbox 1442 4037 1767 4103; x_wconf 89' lang='lat' dir='ltr'>deffectum</span> <span class='ocrx_word' id='word_1_450' title='bbox 1813 4039 2057 4120; x_wconf 88' lang='lat' dir='ltr'>portare</span> <span class='ocrx_word' id='word_1_451' title='bbox 2102 4056 2224 4104; x_wconf 90' lang='lat' dir='ltr'>non</span> <span class='ocrx_word' id='word_1_452' title='bbox 2269 4037 2523 4122; x_wconf 85' lang='lat' dir='ltr'>possint.</span> 
     </span>
     <span class='ocr_line' id='line_1_44' title="bbox 605 4127 2154 4203; baseline -0.001 -14"><span class='ocrx_word' id='word_1_453' title='bbox 605 4127 764 4189; x_wconf 73' lang='lat' dir='ltr'>Scor.</span> <span class='ocrx_word' id='word_1_454' title='bbox 806 4146 944 4189; x_wconf 78' lang='lat' dir='ltr'>cons</span> <span class='ocrx_word' id='word_1_455' title='bbox 989 4133 1172 4203; x_wconf 70' lang='lat' dir='ltr'>royac.</span> <span class='ocrx_word' id='word_1_456' title='bbox 1218 4128 1294 4187; x_wconf 92' lang='lat' dir='ltr'>B.</span> <span class='ocrx_word' id='word_1_457' title='bbox 1342 4131 1401 4200; x_wconf 88' lang='grc'>8,</span> <span class='ocrx_word' id='word_1_458' title='bbox 1449 4147 1490 4189; x_wconf 82' lang='lat' dir='ltr'>u</span> <span class='ocrx_word' id='word_1_459' title='bbox 1534 4129 1874 4189; x_wconf 70' lang='lat' dir='ltr'>mletackom</span> <span class='ocrx_word' id='word_1_460' title='bbox 1921 4131 2154 4190; x_wconf 80' lang='lat' dir='ltr'>arkivu.</span> 
     </span>
    </p>
   </div>
   <div class='ocr_carea' id='block_1_9' title="bbox 866 4318 2879 4424">
    <p class='ocr_par' dir='ltr' id='par_1_9' title="bbox 866 4318 2879 4424">
     <span class='ocr_line' id='line_1_45' title="bbox 866 4318 2879 4424; baseline 0 -23"><span class='ocrx_word' id='word_1_461' title='bbox 866 4318 1195 4401; x_wconf 85' lang='lat' dir='ltr'>CXXV.</span> <span class='ocrx_word' id='word_1_462' title='bbox 1261 4318 1467 4401; x_wconf 73' lang='lat' dir='ltr'>Gon.</span> <span class='ocrx_word' id='word_1_463' title='bbox 1521 4319 1750 4401; x_wconf 79' lang='lat'>1348.</span> <span class='ocrx_word' id='word_1_464' title='bbox 1804 4320 1909 4402; x_wconf 78' lang='lat'>29</span> <span class='ocrx_word' id='word_1_465' title='bbox 1962 4320 2326 4424; x_wconf 80' lang='lat' dir='ltr'>svibnja,</span> <span class='ocrx_word' id='word_1_466' title='bbox 2379 4344 2438 4402; x_wconf 89' lang='lat' dir='ltr'>u</span> <span class='ocrx_word' id='word_1_467' title='bbox 2490 4321 2879 4403; x_wconf 83' lang='lat' dir='ltr'>Mletcih.</span> 
     </span>
    </p>
   </div>
   <div class='ocr_carea' id='block_1_10' title="bbox 523 4444 3231 4611">
    <p class='ocr_par' dir='ltr' id='par_1_10' title="bbox 523 4444 3231 4611">
     <span class='ocr_line' id='line_1_46' title="bbox 523 4444 3231 4524; baseline 0.001 -21"><span class='ocrx_word' id='word_1_468' title='bbox 523 4444 698 4519; x_wconf 77' lang='lat' dir='ltr'>Dal-ji</span> <span class='ocrx_word' id='word_1_469' title='bbox 740 4447 1013 4519; x_wconf 76' lang='lat' dir='ltr'>napatak</span> <span class='ocrx_word' id='word_1_470' title='bbox 1051 4463 1126 4505; x_wconf 73' lang='lat' dir='ltr'>za</span> <span class='ocrx_word' id='word_1_471' title='bbox 1160 4445 1476 4519; x_wconf 79' lang='lat' dir='ltr'>poslanike</span> <span class='ocrx_word' id='word_1_472' title='bbox 1521 4447 1910 4522; x_wconf 79' lang='lat' dir='ltr'>odpremljene</span> <span class='ocrx_word' id='word_1_473' title='bbox 1955 4449 1994 4506; x_wconf 81' lang='lat' dir='ltr'>Ic</span> <span class='ocrx_word' id='word_1_474' title='bbox 2027 4450 2350 4524; x_wconf 61' lang='lat' dir='ltr'>wan-lew.</span> <span class='ocrx_word' id='word_1_475' title='bbox 2398 4449 2617 4522; x_wconf 63' lang='lat' dir='ltr'>lev-aljar,</span> <span class='ocrx_word' id='word_1_476' title='bbox 2664 4449 2810 4507; x_wconf 78' lang='lat' dir='ltr'>tada</span> <span class='ocrx_word' id='word_1_477' title='bbox 2850 4465 2894 4507; x_wconf 76' lang='lat' dir='ltr'>u</span> <span class='ocrx_word' id='word_1_478' title='bbox 2938 4448 3231 4522; x_wconf 75' lang='lat' dir='ltr'>Napuzju,</span> 
     </span>
     <span class='ocr_line' id='line_1_47' title="bbox 818 4534 2932 4611; baseline 0.001 -18"><span class='ocrx_word' id='word_1_479' title='bbox 818 4552 860 4593; x_wconf 80' lang='lat' dir='ltr'>u</span> <span class='ocrx_word' id='word_1_480' title='bbox 890 4534 1070 4608; x_wconf 72' lang='lat' dir='ltr'>postu</span> <span class='ocrx_word' id='word_1_481' title='bbox 1114 4538 1272 4594; x_wconf 81' lang='lat' dir='ltr'>svote</span> <span class='ocrx_word' id='word_1_482' title='bbox 1315 4551 1558 4605; x_wconf 81' lang='lat' dir='ltr'>novaca,</span> <span class='ocrx_word' id='word_1_483' title='bbox 1604 4536 1746 4610; x_wconf 77' lang='lat' dir='ltr'>koju</span> <span class='ocrx_word' id='word_1_484' title='bbox 1788 4554 1864 4596; x_wconf 82' lang='lat' dir='ltr'>su</span> <span class='ocrx_word' id='word_1_485' title='bbox 1907 4538 2109 4611; x_wconf 66' lang='lat' dir='ltr'>krah&#39;u</span> <span class='ocrx_word' id='word_1_486' title='bbox 2152 4537 2426 4610; x_wconf 59' lang='lat' dir='ltr'>pontrel-iti</span> <span class='ocrx_word' id='word_1_487' title='bbox 2469 4537 2639 4596; x_wconf 61' lang='lat' dir='ltr'>{mali</span> <span class='ocrx_word' id='word_1_488' title='bbox 2680 4553 2755 4597; x_wconf 77' lang='lat' dir='ltr'>za</span> <span class='ocrx_word' id='word_1_489' title='bbox 2800 4537 2932 4596; x_wconf 75' lang='lat' dir='ltr'>mir.</span> 
     </span>
    </p>
   </div>
   <div class='ocr_carea' id='block_1_11' title="bbox 524 4653 3226 4829">
    <p class='ocr_par' dir='ltr' id='par_1_11' title="bbox 524 4653 3226 4829">
     <span class='ocr_line' id='line_1_48' title="bbox 736 4653 3225 4740; baseline 0 -22"><span class='ocrx_word' id='word_1_490' title='bbox 736 4653 922 4719; x_wconf 88' lang='lat'>1348.</span> <span class='ocrx_word' id='word_1_491' title='bbox 968 4654 1067 4719; x_wconf 91' lang='lat' dir='ltr'>die</span> <span class='ocrx_word' id='word_1_492' title='bbox 1114 4654 1196 4718; x_wconf 77' lang='lat'>29</span> <span class='ocrx_word' id='word_1_493' title='bbox 1245 4653 1412 4734; x_wconf 90' lang='lat' dir='ltr'>maii,</span> <span class='ocrx_word' id='word_1_494' title='bbox 1460 4656 1675 4738; x_wconf 84' lang='lat' dir='ltr'>capta:</span> <span class='ocrx_word' id='word_1_495' title='bbox 1743 4656 1889 4740; x_wconf 88' lang='lat' dir='ltr'>quia</span> <span class='ocrx_word' id='word_1_496' title='bbox 1955 4656 2107 4723; x_wconf 87' lang='lat' dir='ltr'>facit</span> <span class='ocrx_word' id='word_1_497' title='bbox 2149 4676 2257 4740; x_wconf 88' lang='lat' dir='ltr'>pro</span> <span class='ocrx_word' id='word_1_498' title='bbox 2317 4656 2494 4722; x_wconf 87' lang='lat' dir='ltr'>nobis</span> <span class='ocrx_word' id='word_1_499' title='bbox 2551 4656 2885 4722; x_wconf 90' lang='lat' dir='ltr'>secundum</span> <span class='ocrx_word' id='word_1_500' title='bbox 2931 4656 3225 4738; x_wconf 87' lang='lat' dir='ltr'>tempora,</span> 
     </span>
     <span class='ocr_line' id='line_1_49' title="bbox 524 4741 3226 4829; baseline -0 -21"><span class='ocrx_word' id='word_1_501' title='bbox 524 4759 640 4826; x_wconf 89' lang='lat' dir='ltr'>que</span> <span class='ocrx_word' id='word_1_502' title='bbox 686 4746 1031 4822; x_wconf 89' lang='lat' dir='ltr'>occurrunt,</span> <span class='ocrx_word' id='word_1_503' title='bbox 1078 4741 1276 4808; x_wconf 87' lang='lat' dir='ltr'>facere</span> <span class='ocrx_word' id='word_1_504' title='bbox 1321 4742 1488 4810; x_wconf 81' lang='lat' dir='ltr'>facta</span> <span class='ocrx_word' id='word_1_505' title='bbox 1534 4746 1779 4811; x_wconf 85' lang='lat' dir='ltr'>nostra:</span> <span class='ocrx_word' id='word_1_506' title='bbox 1828 4746 2000 4812; x_wconf 87' lang='lat' dir='ltr'>vadit</span> <span class='ocrx_word' id='word_1_507' title='bbox 2042 4763 2206 4829; x_wconf 75' lang='lat' dir='ltr'>parS,</span> <span class='ocrx_word' id='word_1_508' title='bbox 2253 4746 2413 4829; x_wconf 89' lang='lat' dir='ltr'>quod</span> <span class='ocrx_word' id='word_1_509' title='bbox 2455 4746 2779 4812; x_wconf 86' lang='lat' dir='ltr'>mandetur</span> <span class='ocrx_word' id='word_1_510' title='bbox 2816 4743 3042 4810; x_wconf 88' lang='lat' dir='ltr'>nostris</span> <span class='ocrx_word' id='word_1_511' title='bbox 3090 4761 3226 4808; x_wconf 83' lang='lat' dir='ltr'>am-</span> 
     </span>
    </p>
   </div>
  </div>
 </body>
</html>
