3620 5282
3052 371 3174 435 123

852 544 1089 629 cxc.
1158 547 1366 630 ooo.
1420 549 1651 631 1349.
1706 550 1757 631 s
1810 550 2176 650 svibnja,
2230 571 2290 630 u
2345 525 2792 631 sibonum.

449 655 798 731 Sibenicani
843 673 1225 747 odpravh‘qq'u
1265 691 1443 748 svoya
1485 675 1801 748 poslanika
1848 693 1889 733 u
1924 675 2171 744 Mletke,
2220 675 2375 733 nelca
2415 691 2477 733 se
2520 690 2592 732 sa
2639 673 2996 748 Spb'edanii
3032 673 3176 732 Tro-

440 760 654 835 yiram'
700 778 737 818 a
783 777 812 818 s
843 761 1210 834 odobrem‘em
1253 762 1532 822 mleiadkc
1575 763 1748 822 vladc
1791 764 2165 836 sponsatam,
2212 763 2364 821 kako
2409 762 2490 821 da
2532 760 2730 822 31οέηο
2772 762 2928 835 svoy'c
2972 761 3178 821 kotarc

1207 850 1283 908 od
1326 851 1716 910 dusmanskih
1759 850 2116 923 napadanja
2162 851 2394 909 ebranc.

663 985 1018 1051 Sindicatus
1065 985 1573 1053 Sibenicensium.
1617 989 1688 1052 In
1722 984 1957 1051 Christi
1986 987 2232 1051 nomine
2270 1005 2470 1050 amen.
2519 985 2698 1050 Anno
2733 984 3176 1050 incarnationis

444 1074 720 1137 eiusdem
769 1074 1104 1140 millesimo
1150 1075 1586 1139 trecentesimo
1635 1074 2113 1158 quadragesimo
2159 1092 2339 1153 none,
2382 1073 2715 1137 indictione
2744 1073 3032 1151 secunda,
3077 1072 3177 1136 die

443 1164 659 1224 octavo
707 1162 941 1226 mensis
987 1163 1174 1235 maii3
1225 1165 1522 1245 regnante
1571 1162 1821 1227 domino
1868 1162 2174 1226 Lodovico
2223 1161 2614 1226 serenissimo
2649 1179 2791 1244 rege
2830 1160 3173 1242 Hungarie,

444 1249 724 1330 tempore
772 1248 962 1313 etiam
1010 1250 1244 1314 domini
1291 1250 1536 1314 Andree
1584 1250 1877 1314 Dandulo
1942 1250 2140 1313 incliti
2206 1249 2378 1313 ducis
2444 1249 2842 1313 Venetiarum
2890 1251 2952 1311 et
2998 1266 3179 1312 vene-

447 1335 670 1400 rabilis
717 1337 913 1417 patris
961 1336 1197 1401 domini
1261 1337 1477 1402 fratris
1538 1337 1844 1402 Bonifacii
1906 1336 2004 1401 dei
2061 1337 2266 1419 gratia
2326 1336 2737 1401 Sibenicensis
2795 1335 3061 1417 episcopi
3107 1353 3180 1399 ac

446 1422 683 1487 domini
731 1423 1064 1489 Hermolai
1111 1423 1458 1491 Gradonico
1506 1426 1739 1508 egregii
1793 1425 2041 1489 comitis
2087 1425 2250 1489 dicte
2314 1424 2584 1489 civitatis
2633 1422 3066 1500 SibenioensiS,
3116 1425 3180 1486 et

448 1527 702 1576 suorum
750 1510 1025 1576 iudicum
1078 1511 1358 1594 Bogdani
1422 1513 1677 1578 condam
1726 1512 2009 1596 Gregorii
2061 1512 2359 1594 Stricicg,
2423 1511 2605 1576 Helie
2667 1510 2927 1575 condam
2973 1507 3181 1574 Rado-

447 1598 592 1662 vani
641 1601 705 1662 et
751 1598 1073 1671 Nadeslun
1121 1602 1378 1664 condam
1426 1599 1679 1685 Georgii
1726 1599 2135 1683 CrUusuegnac
2187 1598 2573 1700 Congregato
2620 1598 2872 1663 consilio
2918 1596 3177 1679 quinde-

449 1685 572 1750 cim
620 1685 977 1767 sapientum
1029 1687 1305 1752 civitatis
1349 1687 1620 1753 Sibenici
1682 1688 1742 1751 in
1808 1688 1977 1771 logia
2039 1687 2382 1751 communis
2445 1685 2682 1768 prefate
2749 1685 3022 1751 civitatis
3067 1702 3178 1768 pro

447 1772 849 1855 infrascripta
899 1792 1086 1839 causa
1130 1775 1480 1857 specialiter
1526 1778 1875 1853 convocatO,
1933 1775 1995 1839 in
2043 1792 2164 1856 quo
2212 1773 2495 1838 interfuit
2538 1773 2852 1856 predictus
2898 1773 3178 1837 dominus

455 1879 666 1925 comes
713 1880 854 1926 cum
902 1861 1209 1926 iudicibus
1256 1864 1322 1926 et
1366 1881 1476 1927 sua
1523 1864 1693 1928 curia
1742 1882 1815 1927 ac
1862 1863 2059 1926 maior
2103 1880 2246 1945 pars
2294 1861 2785 1926 consiliariorum
2833 1859 2988 1925 dicti
3035 1878 3181 1925 con-

451 1948 579 2012 silii
625 1949 975 2031 sapientum
1029 1951 1327 2014 habentes
1374 1951 1621 2033 plenam
1671 1951 2109 2016 auctoritatem
2154 1953 2218 2014 et
2262 1950 2520 2015 liberam
2547 1949 2923 2031 potestatem
2966 1966 3000 2012 a
3046 1965 3180 2011 ma-

452 2035 570 2100 iori
615 2039 679 2100 et
725 2037 1001 2118 generali
1049 2038 1308 2102 consilio
1352 2038 1516 2102 dicte
1564 2038 1837 2103 civitatis
1901 2057 2084 2121 super
2145 2037 2430 2101 omnibus
2493 2038 2557 2101 et
2593 2036 2855 2117 singulis
2913 2033 3179 2118 negotiis

448 2123 603 2187 dicti
652 2125 1018 2201 communiS,
1067 2143 1282 2189 omnes
1345 2128 1407 2190 et
1468 2126 1695 2209 singuli
1758 2127 1832 2189 de
1889 2125 2055 2190 dicto
2116 2125 2373 2189 consilio
2436 2143 2544 2207 per
2606 2144 2706 2189 me
2759 2122 3069 2187 notarium
3117 2124 3181 2185 et

449 2212 871 2275 cancelarium
921 2212 1383 2296 infrascriptum
1411 2213 1813 2296 singulariter
1860 2215 1924 2278 et
1966 2215 2253 2277 oretenus
2281 2212 2582 2295 requisiti,
2631 2211 2905 2294 ipsorum
2937 2210 3181 2274 nemine

449 2298 844 2381 discrepante
885 2298 1187 2376 fecerunt,
1237 2302 1693 2365 constituerunt
1752 2303 1818 2364 et
1878 2301 2319 2365 ordinaverunt
2378 2300 2647 2365 nobilem
2718 2302 2782 2363 et
2836 2298 3180 2380 sapientem

449 2386 654 2449 virum
705 2385 1043 2469 Georgium
1095 2389 1350 2452 condam
1402 2387 1672 2469 Cipriani
1723 2389 1996 2454 Gradich
2034 2407 2196 2452 nunc
2241 2387 2529 2452 Veneciis
2577 2386 2875 2451 existente
2921 2385 3179 2449 absente

451 2475 777 2573 tamquam
845 2477 1129 2557 presente
1173 2495 1352 2539 suum
1400 2477 1464 2540 et
1509 2476 1661 2540 dicti
1723 2476 2069 2540 communis
2126 2474 2536 2539 Sibenicensis
2582 2492 2654 2538 ac
2699 2474 2891 2538 totius
2936 2471 3182 2538 univer-

450 2560 664 2625 sitatis
712 2561 844 2625 eius
891 2564 955 2626 et
1001 2563 1276 2626 omnium
1325 2564 1388 2627 et
1432 2563 1820 2647 singularum
1886 2581 2287 2646 personarum
2340 2562 2684 2628 communis
2731 2559 2991 2643 predicti
3039 2578 3184 2644 syu-

447 2649 687 2725 dicum,
734 2652 1229 2731 procuratorem,
1293 2653 1584 2730 actorem,
1650 2652 2036 2734 negotiorum
2091 2669 2341 2716 suorum
2404 2653 2710 2733 gestorem
2769 2667 2841 2712 ac
2887 2649 3182 2712 nuncium

451 2737 804 2820 specialem
853 2738 1205 2819 specialiter
1246 2740 1318 2803 ad
1368 2758 1433 2803 se
1479 2740 2024 2821 representandum
2074 2738 2321 2804 nomine
2364 2737 2511 2802 dicti
2565 2737 2909 2802 communis
2968 2754 3040 2800 ac
3088 2736 3187 2800 to-

451 2827 585 2889 tius
636 2825 1058 2890 universitatis
1109 2827 1238 2890 eius
1285 2829 1349 2890 et
1394 2826 1805 2909 singularium
1869 2844 2268 2909 personarum
2334 2825 2526 2908 ipsius
2589 2824 2923 2889 excelentia
2972 2840 3044 2887 ac
3089 2840 3187 2887 se-

448 2913 706 2976 renitati
754 2914 949 2976 nostri
996 2913 1236 2977 ducalis
1282 2914 1543 2977 dominii
1591 2914 1998 2979 Veneciarum
2050 2914 2116 2977 et
2161 2914 2444 2977 omnibus
2468 2911 2834 2977 officialibus
2882 2910 3013 2975 eius
3047 2929 3186 2993 pre·
3253 2982 3263 2994 ,

451 2999 740 3064 sentibus
794 3001 859 3063 et
902 3000 1133 3065 suturis
1201 3002 1604 3082 ubicumque,
1668 3000 2234 3084 quomodocumque
2295 3002 2360 3065 et
2413 3000 2941 3082 quocienscunque
2999 2997 3188 3062 fuerit

452 3094 869 3170 opportunum
922 3090 985 3152 et
1031 3087 1109 3151 ad
1158 3088 1530 3152 offerendum
1579 3090 1824 3153 nomine
1871 3089 2164 3171 sepedicti
2215 3087 2557 3152 communis
2603 3087 3036 3164 tractandum,
3086 3103 3186 3150 or-

451 3175 807 3251 dinandum,
851 3176 1221 3239 firmandum
1289 3180 1353 3241 et
1415 3176 1850 3259 complendum
1914 3176 2203 3259 quicquid
2266 3177 2476 3239 nostro
2529 3175 2767 3258 prefato
2831 3174 3032 3238 ducali
3079 3174 3186 3237 do-

454 3261 649 3325 minio
685 3262 994 3327 videbitur
1056 3266 1122 3327 et
1182 3264 1450 3345 placebit
1511 3283 1693 3346 super
1746 3264 1908 3329 facto
1972 3264 2213 3329 unionis
2272 3262 2533 3327 istarum
2598 3263 2787 3327 trium
2836 3262 3182 3339 civitatum,

455 3349 707 3413 scilicet
754 3349 1045 3427 Sibenici,
1094 3351 1377 3434 Tragurii
1427 3352 1491 3415 et
1537 3352 1774 3434 Spaleti
1823 3355 1887 3415 et
1923 3351 2195 3416 omnium
2246 3350 2512 3416 aliarum
2557 3350 2906 3427 civitatum,
2955 3351 3186 3413 castro-

454 3455 593 3501 rum
657 3438 723 3500 et
783 3436 1060 3503 locorum
1126 3458 1263 3503 cum
1332 3439 1819 3521 quibuscumque
1869 3440 2136 3503 dominis
2199 3442 2262 3503 et
2323 3439 2637 3521 personis,
2686 3440 2849 3503 sicut
2894 3439 2958 3502 et
3004 3437 3186 3519 prout

456 3524 573 3606 ipsi
624 3526 834 3588 nostro
883 3525 1158 3590 dominio
1204 3526 1514 3592 videbitur
1560 3529 1623 3590 et
1667 3527 1954 3608 placebit,
2006 3531 2068 3591 et
2099 3545 2282 3608 super
2313 3526 2475 3590 facto
2507 3526 2822 3591 calvacate
2860 3523 3184 3589 statuendo

455 3616 518 3675 et
561 3610 905 3693 paginatici
942 3612 1134 3677 fiendi
1180 3613 1244 3677 in
1293 3614 1575 3696 partibus
1623 3614 1763 3678 istis
1809 3615 1989 3692 sicut,
2039 3613 2343 3696 quomodo
2391 3616 2456 3677 et
2498 3614 2604 3677 ubi
2667 3633 2740 3678 ac
2785 3612 3026 3696 quando
3073 3628 3184 3694 pro

455 3701 733 3780 tempore
781 3718 853 3764 ac
899 3702 1192 3783 perpetuo
1240 3703 1609 3766 duraturum
1651 3701 1928 3784 prefacto
1974 3705 2185 3765 nostro
2232 3701 2501 3765 dominio
2541 3701 2850 3766 videbitur
2882 3698 3184 3781 expedire,

454 3803 526 3850 ac
574 3786 859 3850 omnibus
906 3787 1278 3853 officialibus
1328 3790 1479 3865 eiuS,
1533 3808 1893 3871 quocunque
1939 3790 2184 3853 nomine
2246 3790 2609 3853 censeantur
2667 3808 2776 3871 per
2822 3788 3023 3869 ipsum
3072 3804 3187 3849 no-

454 3876 653 3938 strum
704 3875 1083 3939 antedictum
1127 3875 1474 3940 dominium
1538 3895 1722 3959 super
1767 3876 2065 3959 predictis
2130 3876 2439 3958 deputatis
2486 3879 2550 3940 et
2595 3876 2895 3940 ordinatis
2942 3892 3188 3956 presen-

455 3961 623 4026 tibus
669 3963 734 4025 et
777 3961 1024 4040 futuriS,
1074 3966 1137 4027 et
1183 3963 1258 4027 ad
1308 3963 1706 4045 obligandum
1745 3964 2022 4028 homines
2057 3968 2120 4028 et
2154 3964 2312 4027 bona
2345 3963 2498 4028 dicti
2532 3964 2878 4028 communis
2912 3958 3184 4026 Sibenici

455 4048 877 4114 occasionibus
949 4050 1319 4132 supradictis
1365 4069 1505 4115 cum
1552 4052 1837 4116 omnibus
1895 4051 2409 4133 solepnitatibus,
2475 4051 2939 4126 ordinamentiS,
2989 4047 3184 4130 penis,

458 4136 660 4200 modis
703 4138 768 4201 et
816 4136 1050 4215 formis,
1099 4138 1327 4220 quibus
1373 4138 1680 4221 prefatum
1727 4141 2008 4204 nostrum
2049 4139 2264 4204 ducale
2326 4139 2670 4203 dominium
2734 4137 2981 4202 duxerit
3023 4134 3188 4200 ordi-

459 4222 753 4302 nandum,
802 4229 868 4288 et
913 4227 991 4289 ad
1039 4226 1517 4308 presentandum
1559 4244 1742 4308 super
1789 4226 2076 4290 omnibus
2124 4229 2190 4290 et
2235 4226 2495 4309 singulis
2544 4226 2918 4309 supradictis
2980 4242 3187 4289 sacra-

457 4314 740 4376 mentum
786 4311 852 4375 in
898 4314 1171 4377 animam
1219 4313 1367 4377 dicti
1415 4313 1757 4378 communis
1803 4333 1875 4379 ac
1921 4314 2196 4379 omnium
2245 4317 2308 4376 et
2353 4314 2735 4397 singularum
2784 4330 3188 4394 personarum

456 4396 534 4462 de
579 4400 877 4464 servando
931 4404 994 4463 et
1039 4400 1431 4482 adimplendo
1480 4401 1683 4466 omnia
1721 4404 1786 4465 et
1832 4402 2095 4484 singula,
2144 4420 2261 4484 que
2311 4401 2372 4464 in
2406 4402 2696 4483 predictis
2744 4406 2809 4466 et
2853 4402 3014 4465 circa
3044 4419 3186 4484 pre-

456 4484 624 4550 dicta
669 4504 741 4550 ac
789 4487 869 4550 ab
917 4487 1006 4552 eis
1039 4487 1451 4571 dependentia
1497 4490 1561 4553 et
1605 4507 1875 4554 connexa
1936 4488 2312 4571 prelibatum
2359 4491 2637 4554 nostrum
2686 4490 3028 4554 dominium
3076 4487 3190 4551 du-

456 4573 613 4637 xerit
656 4575 1072 4653 statuendum,
1121 4577 1337 4640 dantes
1387 4578 1452 4639 et
1498 4576 1899 4641 concedentes
1931 4577 2093 4641 dicto
2141 4595 2355 4640 eorum
2401 4570 2651 4660 syndico
2698 4580 2762 4641 et
2808 4575 3187 4660 procuratori

458 4660 520 4724 in
567 4661 853 4726 omnibus
898 4664 964 4726 et
1008 4662 1270 4746 siugulis
1319 4681 1506 4745 supra
1553 4664 1737 4727 dictis
1781 4666 1844 4728 et
1885 4664 1962 4727 ab
1996 4663 2227 4728 eisdem
2260 4664 2747 4746 dependentibus
2794 4666 2858 4728 et
2901 4663 3186 4729 connexis

462 4749 735 4831 plenum,
782 4749 1049 4815 liberum
1101 4752 1165 4815 et
1210 4751 1496 4833 generale
1533 4750 1895 4816 mandatum
1945 4770 2084 4816 cum
2133 4750 2334 4833 plena,
2405 4752 2604 4815 libera
2650 4755 2712 4816 et
2757 4752 3028 4835 generali
3075 4750 3186 4815 ad-
