3620 5282
507 320 642 391 ⁸04

705 512 1365 600 CCCCXXXVI.
1423 513 1626 598 (iod.
1680 512 1898 596 1393.
1951 512 2048 598 15
2101 512 2474 615 travma,
2540 533 2598 594 u
2651 508 3039 594 Mlctclh.

510 660 813 723 Naloieno
842 660 1260 736 pomorskoma
1305 659 1626 734 Repetam,
1662 659 1820 719 nelca
1861 659 2167 733 isposluje,
2214 659 2297 719 da
2345 658 2668 734 Troqirani
2709 657 2734 715 i
2784 657 2902 716 ban
2959 654 3099 715 Vult
3140 670 3259 729 po-

929 752 1096 810 vraee
1139 748 1309 822 m'ckc
1352 764 1531 808 novoe
1575 749 1601 807 i
1643 748 1836 809 salano
1872 751 2022 810 oteto
2066 748 2399 809 mletackim
2427 745 2814 820 podanikom.

725 867 914 934 1393.
983 868 1083 933 die
1147 867 1264 933 XV
1322 866 1560 952 aprilis.
1625 867 1948 951 Sapientes
2010 871 2318 936 ordinum.
2381 866 2610 951 Capta:
2671 867 2834 950 quod
2902 865 3257 931 mandetur

509 957 826 1040 capitaneo
898 959 1109 1023 nostro
1177 955 1423 1041 culphy,
1496 957 1656 1040 quod
1733 959 2074 1040 reperiente
2144 977 2211 1022 se
2278 955 2352 1021 ad
2411 957 2618 1040 partes
2661 954 2970 1038 Tragurii,
3017 954 3262 1018 debeat

511 1063 842 1130 procurare
888 1051 1033 1109 cum
1083 1044 1211 1110 illis
1254 1044 1480 1124 verbis,
1528 1063 1646 1128 que
1707 1063 1819 1111 sne
1881 1046 2186 1129 sapientie
2248 1043 2639 1120 videbuntur,
2686 1042 2848 1127 quod
2893 1041 3117 1108 ducati
3168 1039 3258 1105 97

511 1133 707 1200 nostri
773 1134 1142 1212 communis,
1205 1151 1355 1216 quos
1417 1132 1745 1198 castellani
1804 1136 2000 1200 nostri
2062 1133 2346 1200 Mothoni
2412 1135 2478 1198 et
2537 1131 2757 1198 Coroni
2840 1130 3264 1196 destinabant

511 1222 926 1307 provisoribus
974 1221 1204 1287 nostris
1256 1221 1449 1299 bladi,
1493 1222 1729 1303 accepti
1774 1241 1887 1305 per
1930 1223 2214 1288 homines
2280 1239 2424 1287 suos
2487 1221 2559 1285 de
2622 1219 2930 1304 Tragurio
2999 1221 3082 1284 de
3134 1234 3262 1283 una

511 1315 723 1377 nostra
766 1310 1043 1393 griparia
1084 1317 1299 1375 versus
1346 1309 1644 1374 Venetias
1690 1311 2042 1395 navigante,
2090 1312 2209 1376 sibi
2257 1309 2674 1394 consignetur,
2722 1306 2921 1374 dando
2950 1306 3249 1392 predicto

512 1400 726 1465 nostro
768 1399 1087 1482 capitaneo
1109 1396 1610 1466 informationem
1636 1401 2084 1465 neccessariam
2112 1417 2299 1484 super
2329 1397 2491 1464 inde.

723 1486 1047 1570 Sapientes
1107 1486 1413 1552 ordinum.
1477 1483 1712 1569 Capta:
1782 1490 2060 1554 ceterum
2131 1505 2458 1570 procurare
2513 1484 2741 1551 debeat
2800 1482 2967 1549 idem
3036 1483 3258 1549 noster

511 1575 871 1659 capitaneus
918 1593 1060 1641 cum
1108 1574 1367 1658 prefatis
1414 1574 1489 1640 de
1536 1576 1845 1659 Tragurio
1891 1594 2035 1642 cum
2081 1576 2210 1642 illis
2248 1575 2457 1641 verbis
2502 1573 2775 1639 comodis
2844 1574 2910 1638 et
2952 1571 3257 1649 utilibus,

511 1681 631 1748 que
676 1663 797 1728 sibi
844 1663 1237 1740 videbuntur,
1285 1661 1452 1745 quod
1496 1663 1702 1747 alique
1747 1663 1891 1730 bale
1938 1682 2273 1749 pannomm
2325 1662 2496 1729 Salvi
2527 1661 2788 1729 Johanis
2817 1660 2895 1726 de
2925 1660 3259 1726 Florentia

510 1752 866 1817 intromisso
910 1771 1019 1834 per
1062 1750 1203 1816 illos
1247 1749 1323 1815 de
1371 1749 1685 1816 Dalmissa
1724 1754 1790 1816 et
1833 1772 1943 1836 per
1986 1754 2222 1819 dictum
2268 1751 2577 1817 Volchum
2623 1751 2875 1826 bannm,
2918 1750 2985 1814 et
3028 1748 3260 1813 exinde

514 1838 579 1905 in
630 1840 932 1923 Tragurio
977 1840 1245 1904 arestate
1292 1838 1366 1903 de
1412 1838 1702 1904 mandato
1747 1840 2128 1906 serenissimi
2187 1839 2427 1906 domini
2502 1839 2664 1917 regis
2727 1837 2977 1911 Bosine,
3047 1836 3256 1901 eidem

518 1926 689 1995 Salvi
735 1928 833 1994 vel
877 1926 1011 1994 eius
1056 1928 1272 1993 nuntio
1319 1929 1748 2006 restituantur,
1796 1930 1999 1995 dando
2062 1930 2339 2013 predicto
2401 1929 2610 1993 nostro
2666 1927 2988 2009 capitaneo
3064 1924 3259 1989 infor-

514 2017 855 2171 gnztiogem
915 2017 1360 2082 neccessariam
1405 2033 1587 2098 super
1651 2015 1814 2083 facto
1862 2017 2151 2102 predicto,
2200 2022 2274 2084 ut
2315 2017 2543 2083 melius
2605 2014 2780 2093 sciat,
2844 2012 2998 2096 quid
3070 2030 3260 2097 agere

555 2126 589 2171 e
633 2125 704 2170 ea

602 2195 784 2257 Misti
832 2195 1057 2257 XLII.
1108 2198 1255 2268 106,
1305 2213 1348 2256 u
1392 2195 1548 2258 mlet.
1599 2197 1838 2258 arkivu.

692 2383 1391 2468 ccccxxxvn.
1448 2384 1648 2469 God.
1706 2385 1927 2470 1393.
1983 2384 2076 2468 15
2129 2386 2502 2488 travnja,
2556 2406 2613 2465 u
2672 2383 3075 2468 Mlctclh.

724 2525 1109 2605 Ordinatum,
1157 2529 1321 2611 quod
1367 2530 1726 2611 capitaneus
1774 2528 2073 2594 Durachii
2121 2531 2186 2593 et
2230 2529 2460 2593 caeteri
2505 2529 2778 2593 rectores
2841 2544 2966 2591 non
3016 2545 3087 2590 80
3132 2524 3252 2589 im·

512 2614 766 2699 pediant
809 2615 884 2681 de
931 2616 1196 2682 tubariis
1246 2619 1310 2683 et
1354 2618 1808 2683 extorsionibus
1871 2616 2051 2683 factis
2114 2619 2394 2698 tempore
2450 2616 2705 2683 condam
2772 2613 3100 2700 magnifici
3149 2613 3252 2677 do-

515 2704 668 2768 mini
714 2703 965 2788 Georgii
1025 2705 1255 2787 Topiae
1323 2705 1556 2771 domini
1618 2705 1912 2771 Durachii
1976 2710 2106 2769 tam
2169 2724 2276 2787 per
2346 2707 2475 2770 eius
2537 2705 2832 2770 officiales
2901 2720 3100 2787 qnam
3147 2720 3252 2785 per

515 2792 668 2857 alios
716 2811 858 2859 suos
907 2793 1167 2858 barones
1214 2795 1280 2858 et
1325 2793 1623 2870 subditos,
1672 2794 1777 2859 sed
1821 2794 2084 2860 debeant
2110 2795 2414 2858 iustitiam
2447 2803 2511 2857 et
2540 2795 2843 2858 rationem
2880 2793 3246 2857 ministrare

514 2899 553 2945 a
597 2881 716 2957 die,
764 2899 885 2965 qua
930 2881 1277 2963 respublica.
1322 2881 1541 2947 habuit
1587 2883 1928 2947 dominium
1979 2881 2172 2965 ipsius
2225 2881 2500 2946 civitatis
2569 2884 2750 2947 citra.
2813 2880 3242 2952 Permittitur,

516 2968 676 3052 quod
723 2988 930 3036 comes
976 2970 1266 3046 Nicheta,
1321 2971 1545 3036 nobilis
1584 2972 1759 3036 valde
1806 2974 2020 3053 potens
2070 2971 2132 3034 in
2181 2969 2289 3035 illo
2334 2969 2648 3045 districtu,
2724 2969 2921 3051 possit
2965 2965 3246 3034 construi

516 3057 713 3122 facere
759 3057 839 3122 ad
886 3063 1070 3140 caput
1114 3058 1189 3124 de
1234 3058 1482 3124 Lemele
1534 3079 1721 3124 unum
1757 3064 2054 3133 castrum,
2103 3060 2168 3122 01
2212 3077 2319 3141 pro
2361 3059 2776 3141 recognitione
2832 3057 3093 3121 annuali
3145 3055 3253 3119 det

515 3145 832 3228 capitaneo
907 3165 1096 3211 unum
1167 3149 1493 3212 austorem.
1599 3147 2009 3212 Provisionati
2074 3149 2137 3212 in
2219 3146 2527 3211 Durachio
2601 3148 2922 3226 „dominus
3009 3146 3251 3218 Burila,

517 3232 797 3299 Andreas
843 3234 1143 3312 Musachi,
1194 3235 1512 3318 Perganus
1562 3233 1770 3313 Scur0,
1818 3235 2096 3300 Andreas
2140 3233 2303 3299 Nesa
2353 3235 2543 3298 fra-ter
2613 3234 2920 3318 quondam
2972 3232 3249 3316 episcopi

517 3322 796 3401 Dimitri,
836 3328 901 3386 et
937 3323 1256 3389 lnclechus
1303 3323 1739 3403 Albanensis“‚
1800 3326 1904 3407 qui
1961 3328 2392 3406 procurarunt,
2435 3325 2595 3406 quod
2654 3325 2874 3388 civitas
2942 3320 3248 3387 Durachii

518 3428 657 3476 cum
701 3411 985 3475 districtu
1027 3430 1143 3476 non
1191 3410 1540 3495 perveniret
1580 3412 1645 3476 in
1692 3430 1913 3477 manus
1961 3411 2321 3491 Turcorum,
2392 3415 2575 3476 aucta
2626 3411 2912 3477 annualis
2974 3376 3306 3493 1110111810(ἱ

519 3515 556 3563 a
604 3497 864 3582 triginta
908 3498 988 3563 ad
1036 3500 1447 3584 quadraginta
1492 3500 1749 3567 ducatos
1794 3518 1908 3584 pro
1954 3500 2250 3584 quolibet.

605 3607 788 3667 Misci
836 3607 1005 3666 XLI
1007 3603 1054 3666 l.
1103 3610 1250 3688 106,
1297 3626 1339 3669 u
1384 3608 1538 3669 mlet.
1584 3610 1819 3671 arkivu.

669 3795 1422 3881 CCCCXXXVIII.
1483 3799 1682 3883 God.
1739 3799 1963 3883 1393.
2022 3799 2119 3881 18
2166 3801 2547 3903 11811118,
2597 3822 2658 3883 u
2710 3797 3102 3883 Mlctcih.

732 3938 1102 4023 Capitaneus
1150 3941 1448 4007 Durachii
1494 3943 1688 4026 eligat
1732 3942 2078 4009 cabalarios
2125 3961 2230 4008 sex
2263 3961 2404 4007 cum
2438 3961 2556 4008 11110
2588 3941 2995 4018 comestabili,
3061 3937 3226 4004 bonis

523 4028 698 4114 equis
744 4028 947 4094 fulciti
1004 4031 1106 4107 „et
1150 4030 1253 4113 qui
1299 4030 1428 4095 sint
1472 4030 1547 4095 de
1593 4030 1872 4111 partibus
1940 4031 2065 4095 illis
2130 4036 2194 4095 et
2255 4031 2457 4096 sciant
2515 4030 2836 4115 1111388111ιι
2888 4049 2994 4114 pro
3043 4024 3228 4093 eundo

521 4117 628 4184 ubi
670 4116 863 4184 fuerit
886 4118 1210 4200 expediens
1235 4119 1314 4183 ad
1347 4119 1746 4183 securitatem
1780 4117 1955 4184 illius
1995 4118 2381 4185 districtus.“
2433 4122 2853 4185 Transeuntes
2883 4137 2989 4201 per
3017 4131 3226 4182 novum

528 4209 805 4271 castrum
850 4205 1099 4270 comitis
1146 4205 1450 4271 Nichetae
1496 4225 1638 4272 cum
1688 4206 1879 4279 bonis,
1927 4207 2234 4273 mercibus
2267 4211 2331 4272 et
2361 4207 2502 4273 aliis
2533 4207 3020 4290 quibuscumque
3050 4199 3228 4269 nichil

528 4294 767 4359 solvere
812 4294 1162 4369 teneantur,
1212 4294 1317 4359 sed
1364 4293 1628 4378 benigne
1676 4297 2153 4377 pertractentur.
2201 4297 2393 4361 Dacia
2438 4296 2501 4361 in
2557 4295 2882 4374 Durachio,
2930 4293 3098 4359 valde
3140 4288 3227 4353 di-

527 4381 788 4458 minuta,
833 4383 896 4446 in
947 4382 1202 4447 introitu
1251 4386 1315 4448 et
1359 4382 1419 4447 in
1468 4382 1635 4447 exitu
1659 4385 1791 4447 tam
1816 4403 1928 4466 per
1952 4383 2224 4449 forenses
2248 4403 2431 4467 quam
2466 4404 2570 4467 per
2603 4387 2855 4450 venetos
2906 4378 3220 4450 solvantur.

537 4468 882 4534 Durachini
923 4487 1067 4535 vero
1092 4470 1172 4534 ab
1217 4470 1502 4537 omnibus
1550 4471 1838 4553 exempti.
1888 4470 2171 4556 Captum,
2199 4474 2352 4556 qnod
2382 4491 2492 4556 pro
2518 4472 2671 4538 bona
2693 4473 2927 4538 intrata
2961 4470 3023 4534 in
3042 4464 3222 4531 domi-

524 4557 699 4621 nium
745 4556 1044 4622 Durachii
1088 4558 1309 4624 debeat
1346 4559 1688 4643 dispensari
1735 4560 2067 4628 baronibus
2114 4564 2176 4626 et
2203 4561 2514 4626 nobilibus
2561 4579 2798 4645 paunus
2841 4561 2920 4626 ad
2952 4556 3198 4623 valorem

525 4645 891 4711 ducatorum
937 4645 1088 4711 355.

613 4752 816 4815 Misti.
840 4752 1061 4818 XLII.
1106 4756 1252 4831 108,
1298 4774 1342 4817 u
1386 4756 1544 4820 mlct.
1591 4756 1829 4819 arkivu.

3312 3594 3374 3815 1

3423 4624 3472 4725 ..¹-

3459 4730 3474 4785 1

3392 4876 3524 4967 -k

3461 5100 3524 5173 J
