<?xml version="1.0" encoding="UTF-8"?>
<!DOCTYPE html PUBLIC "-//W3C//DTD XHTML 1.0 Transitional//EN"
    "http://www.w3.org/TR/xhtml1/DTD/xhtml1-transitional.dtd">
<html xmlns="http://www.w3.org/1999/xhtml" xml:lang="en" lang="en">
 <head>
  <title>
</title>
<meta http-equiv="Content-Type" content="text/html;charset=utf-8" />
  <meta name='ocr-system' content='tesseract 3.04.00' />
  <meta name='ocr-capabilities' content='ocr_page ocr_carea ocr_par ocr_line ocrx_word'/>
</head>
<body>
  <div class='ocr_page' id='page_1' title='image "./monumentaspecta02umjegoog_0821.png"; bbox 0 0 3620 5282; ppageno 0'>
   <div class='ocr_carea' id='block_1_1' title="bbox 3056 366 3184 437">
    <p class='ocr_par' dir='ltr' id='par_1_1' title="bbox 3056 366 3184 437">
     <span class='ocr_line' id='line_1_1' title="bbox 3056 366 3184 437; baseline -0.023 0"><span class='ocrx_word' id='word_1_1' title='bbox 3056 366 3184 437; x_wconf 77' lang='lat'><strong>26⁷</strong></span> 
     </span>
    </p>
   </div>
   <div class='ocr_carea' id='block_1_2' title="bbox 412 542 3192 3015">
    <p class='ocr_par' dir='ltr' id='par_1_2' title="bbox 470 542 3188 1416">
     <span class='ocr_line' id='line_1_2' title="bbox 470 542 3184 623; baseline 0 -11"><span class='ocrx_word' id='word_1_2' title='bbox 470 543 707 613; x_wconf 89' lang='lat' dir='ltr'><strong>intuitu</strong></span> <span class='ocrx_word' id='word_1_3' title='bbox 759 542 1180 609; x_wconf 74' lang='lat' dir='ltr'>favorabiliter</span> <span class='ocrx_word' id='word_1_4' title='bbox 1225 542 1683 623; x_wconf 86' lang='lat' dir='ltr'><strong>comendatum,</strong></span> <span class='ocrx_word' id='word_1_5' title='bbox 1732 543 1807 610; x_wconf 88' lang='lat' dir='ltr'><strong>de</strong></span> <span class='ocrx_word' id='word_1_6' title='bbox 1868 545 2194 613; x_wconf 84' lang='lat' dir='ltr'><strong>tractando</strong></span> <span class='ocrx_word' id='word_1_7' title='bbox 2263 547 2328 613; x_wconf 92' lang='lat' dir='ltr'><strong>et</strong></span> <span class='ocrx_word' id='word_1_8' title='bbox 2370 547 2624 613; x_wconf 86' lang='lat' dir='ltr'><strong>tractari</strong></span> <span class='ocrx_word' id='word_1_9' title='bbox 2687 546 2964 613; x_wconf 86' lang='lat' dir='ltr'><strong>faciendo</strong></span> <span class='ocrx_word' id='word_1_10' title='bbox 3010 565 3184 612; x_wconf 88' lang='lat' dir='ltr'><strong>ama-</strong></span> 
     </span>
     <span class='ocr_line' id='line_1_3' title="bbox 472 632 3186 721; baseline 0 -20"><span class='ocrx_word' id='word_1_11' title='bbox 472 635 685 702; x_wconf 90' lang='lat' dir='ltr'><strong>biliter</strong></span> <span class='ocrx_word' id='word_1_12' title='bbox 732 639 794 699; x_wconf 89' lang='lat' dir='ltr'><strong>et</strong></span> <span class='ocrx_word' id='word_1_13' title='bbox 837 632 1106 697; x_wconf 86' lang='lat' dir='ltr'><strong>fraterne</strong></span> <span class='ocrx_word' id='word_1_14' title='bbox 1150 633 1381 717; x_wconf 86' lang='lat' dir='ltr'><strong>absque</strong></span> <span class='ocrx_word' id='word_1_15' title='bbox 1429 633 1712 700; x_wconf 86' lang='lat' dir='ltr'><strong>molestia</strong></span> <span class='ocrx_word' id='word_1_16' title='bbox 1756 633 1855 698; x_wconf 84' lang='lat' dir='ltr'><strong>vel</strong></span> <span class='ocrx_word' id='word_1_17' title='bbox 1896 637 2206 718; x_wconf 86' lang='lat' dir='ltr'><strong>gravitate</strong></span> <span class='ocrx_word' id='word_1_18' title='bbox 2256 653 2639 721; x_wconf 89' lang='lat' dir='ltr'><strong>quacumque</strong></span> <span class='ocrx_word' id='word_1_19' title='bbox 2702 654 2811 720; x_wconf 94' lang='lat' dir='ltr'><strong>pro</strong></span> <span class='ocrx_word' id='word_1_20' title='bbox 2859 637 3186 701; x_wconf 86' lang='lat' dir='ltr'><strong>devotissi-</strong></span> 
     </span>
     <span class='ocr_line' id='line_1_4' title="bbox 473 721 3185 809; baseline -0 -20"><span class='ocrx_word' id='word_1_21' title='bbox 473 742 578 789; x_wconf 91' lang='lat' dir='ltr'><strong>ma</strong></span> <span class='ocrx_word' id='word_1_22' title='bbox 616 723 681 787; x_wconf 87' lang='lat' dir='ltr'><strong>et</strong></span> <span class='ocrx_word' id='word_1_23' title='bbox 715 721 997 786; x_wconf 91' lang='lat' dir='ltr'><strong>benivola</strong></span> <span class='ocrx_word' id='word_1_24' title='bbox 1051 723 1279 799; x_wconf 85' lang='lat' dir='ltr'><strong>nostra,</strong></span> <span class='ocrx_word' id='word_1_25' title='bbox 1328 721 1503 786; x_wconf 85' lang='lat' dir='ltr'><strong>cuius</strong></span> <span class='ocrx_word' id='word_1_26' title='bbox 1549 722 1808 787; x_wconf 89' lang='lat' dir='ltr'><strong>honores</strong></span> <span class='ocrx_word' id='word_1_27' title='bbox 1856 725 1921 786; x_wconf 89' lang='lat' dir='ltr'><strong>et</strong></span> <span class='ocrx_word' id='word_1_28' title='bbox 1967 723 2203 788; x_wconf 89' lang='lat' dir='ltr'><strong>statum</strong></span> <span class='ocrx_word' id='word_1_29' title='bbox 2252 723 2535 807; x_wconf 87' lang='lat' dir='ltr'><strong>cupimus</strong></span> <span class='ocrx_word' id='word_1_30' title='bbox 2581 722 2895 809; x_wconf 76' lang='lat' dir='ltr'>adaugeri,</span> <span class='ocrx_word' id='word_1_31' title='bbox 2930 726 2994 788; x_wconf 91' lang='lat' dir='ltr'><strong>et</strong></span> <span class='ocrx_word' id='word_1_32' title='bbox 3023 723 3185 807; x_wconf 89' lang='lat' dir='ltr'><strong>quod</strong></span> 
     </span>
     <span class='ocr_line' id='line_1_5' title="bbox 474 809 3187 895; baseline 0 -18"><span class='ocrx_word' id='word_1_33' title='bbox 474 815 794 895; x_wconf 78' lang='lat' dir='ltr'><strong>tamquam</strong></span> <span class='ocrx_word' id='word_1_34' title='bbox 845 810 959 874; x_wconf 90' lang='lat' dir='ltr'><strong>sub</strong></span> <span class='ocrx_word' id='word_1_35' title='bbox 1027 814 1234 875; x_wconf 90' lang='lat' dir='ltr'><strong>nostra</strong></span> <span class='ocrx_word' id='word_1_36' title='bbox 1300 809 1678 892; x_wconf 87' lang='lat' dir='ltr'><strong>protectione</strong></span> <span class='ocrx_word' id='word_1_37' title='bbox 1739 810 2075 893; x_wconf 87' lang='lat' dir='ltr'><strong>persistens</strong></span> <span class='ocrx_word' id='word_1_38' title='bbox 2122 829 2159 875; x_wconf 89' lang='lat' dir='ltr'><strong>a</strong></span> <span class='ocrx_word' id='word_1_39' title='bbox 2227 811 2466 878; x_wconf 88' lang='lat' dir='ltr'><strong>cunctis</strong></span> <span class='ocrx_word' id='word_1_40' title='bbox 2538 814 2730 878; x_wconf 85' lang='lat' dir='ltr'><strong>noxiis</strong></span> <span class='ocrx_word' id='word_1_41' title='bbox 2796 819 3187 895; x_wconf 86' lang='lat' dir='ltr'><strong>preservetur</strong></span> 
     </span>
     <span class='ocr_line' id='line_1_6' title="bbox 478 896 3186 980; baseline -0 -13"><span class='ocrx_word' id='word_1_42' title='bbox 478 898 804 967; x_wconf 81' lang='lat' dir='ltr'><strong>indemnia.</strong></span> <span class='ocrx_word' id='word_1_43' title='bbox 855 898 944 962; x_wconf 83' lang='lat' dir='ltr'><strong>Ex</strong></span> <span class='ocrx_word' id='word_1_44' title='bbox 986 896 1299 964; x_wconf 87' lang='lat' dir='ltr'><strong>favoribus</strong></span> <span class='ocrx_word' id='word_1_45' title='bbox 1347 897 1594 980; x_wconf 86' lang='lat' dir='ltr'><strong>quidem</strong></span> <span class='ocrx_word' id='word_1_46' title='bbox 1642 899 1719 964; x_wconf 89' lang='lat' dir='ltr'><strong>ab</strong></span> <span class='ocrx_word' id='word_1_47' title='bbox 1766 898 1985 963; x_wconf 87' lang='lat' dir='ltr'><strong>amicis</strong></span> <span class='ocrx_word' id='word_1_48' title='bbox 2031 902 2094 965; x_wconf 92' lang='lat' dir='ltr'><strong>et</strong></span> <span class='ocrx_word' id='word_1_49' title='bbox 2125 899 2408 965; x_wconf 84' lang='lat' dir='ltr'><strong>fidelibus</strong></span> <span class='ocrx_word' id='word_1_50' title='bbox 2445 902 2671 966; x_wconf 88' lang='lat' dir='ltr'><strong>nostris</strong></span> <span class='ocrx_word' id='word_1_51' title='bbox 2703 899 2904 966; x_wconf 88' lang='lat' dir='ltr'><strong>eidem</strong></span> <span class='ocrx_word' id='word_1_52' title='bbox 2939 900 3186 966; x_wconf 85' lang='lat' dir='ltr'><strong>domine</strong></span> 
     </span>
     <span class='ocr_line' id='line_1_7' title="bbox 483 985 3188 1070; baseline -0.001 -15"><span class='ocrx_word' id='word_1_53' title='bbox 483 991 546 1055; x_wconf 91' lang='lat' dir='ltr'><strong>et</strong></span> <span class='ocrx_word' id='word_1_54' title='bbox 588 988 717 1052; x_wconf 85' lang='lat' dir='ltr'><strong>suis</strong></span> <span class='ocrx_word' id='word_1_55' title='bbox 766 985 1029 1051; x_wconf 90' lang='lat' dir='ltr'><strong>subditis</strong></span> <span class='ocrx_word' id='word_1_56' title='bbox 1075 986 1503 1069; x_wconf 82' lang='lat' dir='ltr'><strong>impendendis</strong></span> <span class='ocrx_word' id='word_1_57' title='bbox 1548 985 1623 1051; x_wconf 92' lang='lat' dir='ltr'><strong>ad</strong></span> <span class='ocrx_word' id='word_1_58' title='bbox 1671 987 2066 1070; x_wconf 86' lang='lat' dir='ltr'><strong>beneplacita</strong></span> <span class='ocrx_word' id='word_1_59' title='bbox 2111 990 2174 1053; x_wconf 92' lang='lat' dir='ltr'><strong>et</strong></span> <span class='ocrx_word' id='word_1_60' title='bbox 2219 989 2475 1053; x_wconf 83' lang='lat' dir='ltr'>honores</span> <span class='ocrx_word' id='word_1_61' title='bbox 2510 991 2747 1054; x_wconf 90' lang='lat' dir='ltr'><strong>nostros</strong></span> <span class='ocrx_word' id='word_1_62' title='bbox 2781 990 3017 1054; x_wconf 89' lang='lat' dir='ltr'><strong>erimus</strong></span> <span class='ocrx_word' id='word_1_63' title='bbox 3046 1007 3188 1070; x_wconf 89' lang='lat' dir='ltr'><strong>pro-</strong></span> 
     </span>
     <span class='ocr_line' id='line_1_8' title="bbox 484 1075 3186 1160; baseline -0.001 -18"><span class='ocrx_word' id='word_1_64' title='bbox 484 1076 811 1160; x_wconf 73' lang='lat' dir='ltr'><strong>pentioreS,</strong></span> <span class='ocrx_word' id='word_1_65' title='bbox 859 1075 924 1139; x_wconf 93' lang='lat' dir='ltr'><strong>et</strong></span> <span class='ocrx_word' id='word_1_66' title='bbox 990 1092 1061 1139; x_wconf 82' lang='lat' dir='ltr'><strong>ex</strong></span> <span class='ocrx_word' id='word_1_67' title='bbox 1120 1075 1415 1158; x_wconf 88' lang='lat' dir='ltr'><strong>oppositis</strong></span> <span class='ocrx_word' id='word_1_68' title='bbox 1481 1093 1664 1156; x_wconf 89' lang='lat' dir='ltr'><strong>quam</strong></span> <span class='ocrx_word' id='word_1_69' title='bbox 1735 1075 2071 1159; x_wconf 86' lang='lat' dir='ltr'><strong>plurimum</strong></span> <span class='ocrx_word' id='word_1_70' title='bbox 2140 1077 2551 1142; x_wconf 78' lang='lat' dir='ltr'><strong>turbaremur.</strong></span> <span class='ocrx_word' id='word_1_71' title='bbox 2627 1077 2697 1142; x_wconf 91' lang='lat' dir='ltr'><strong>In</strong></span> <span class='ocrx_word' id='word_1_72' title='bbox 2746 1078 3186 1160; x_wconf 84' lang='lat' dir='ltr'><strong>premissorum</strong></span> 
     </span>
     <span class='ocr_line' id='line_1_9' title="bbox 483 1161 3187 1249; baseline -0 -19"><span class='ocrx_word' id='word_1_73' title='bbox 483 1165 729 1249; x_wconf 90' lang='lat' dir='ltr'><strong>quidem</strong></span> <span class='ocrx_word' id='word_1_74' title='bbox 769 1161 1143 1228; x_wconf 90' lang='lat' dir='ltr'><strong>evidentiam</strong></span> <span class='ocrx_word' id='word_1_75' title='bbox 1192 1164 1506 1245; x_wconf 78' lang='lat' dir='ltr'><strong>presentes</strong></span> <span class='ocrx_word' id='word_1_76' title='bbox 1552 1162 1684 1228; x_wconf 87' lang='lat' dir='ltr'><strong>fieri</strong></span> <span class='ocrx_word' id='word_1_77' title='bbox 1741 1163 2060 1243; x_wconf 73' lang='lat' dir='ltr'><strong>iussimuS,</strong></span> <span class='ocrx_word' id='word_1_78' title='bbox 2110 1167 2175 1230; x_wconf 89' lang='lat' dir='ltr'><strong>et</strong></span> <span class='ocrx_word' id='word_1_79' title='bbox 2217 1164 2390 1230; x_wconf 91' lang='lat' dir='ltr'><strong>bulla</strong></span> <span class='ocrx_word' id='word_1_80' title='bbox 2434 1169 2645 1230; x_wconf 88' lang='lat' dir='ltr'><strong>nostra</strong></span> <span class='ocrx_word' id='word_1_81' title='bbox 2681 1165 2976 1249; x_wconf 85' lang='lat' dir='ltr'><strong>plumbea</strong></span> <span class='ocrx_word' id='word_1_82' title='bbox 3021 1181 3187 1230; x_wconf 86' lang='lat' dir='ltr'><strong>com-</strong></span> 
     </span>
     <span class='ocr_line' id='line_1_10' title="bbox 482 1249 3186 1334; baseline -0.001 -15"><span class='ocrx_word' id='word_1_83' title='bbox 482 1252 775 1319; x_wconf 88' lang='lat' dir='ltr'><strong>munitas.</strong></span> <span class='ocrx_word' id='word_1_84' title='bbox 820 1251 984 1316; x_wconf 88' lang='lat' dir='ltr'><strong>Data</strong></span> <span class='ocrx_word' id='word_1_85' title='bbox 1023 1252 1085 1315; x_wconf 90' lang='lat' dir='ltr'><strong>in</strong></span> <span class='ocrx_word' id='word_1_86' title='bbox 1135 1253 1343 1316; x_wconf 87' lang='lat' dir='ltr'><strong>nostro</strong></span> <span class='ocrx_word' id='word_1_87' title='bbox 1381 1249 1589 1316; x_wconf 86' lang='lat' dir='ltr'><strong>ducali</strong></span> <span class='ocrx_word' id='word_1_88' title='bbox 1621 1250 1859 1334; x_wconf 87' lang='lat' dir='ltr'><strong>palacio</strong></span> <span class='ocrx_word' id='word_1_89' title='bbox 1905 1252 2004 1316; x_wconf 91' lang='lat' dir='ltr'><strong>die</strong></span> <span class='ocrx_word' id='word_1_90' title='bbox 2052 1252 2271 1319; x_wconf 90' lang='lat' dir='ltr'><strong>ultimo</strong></span> <span class='ocrx_word' id='word_1_91' title='bbox 2318 1252 2634 1334; x_wconf 85' lang='lat' dir='ltr'><strong>februarii,</strong></span> <span class='ocrx_word' id='word_1_92' title='bbox 2668 1254 3000 1319; x_wconf 81' lang='lat' dir='ltr'><strong>indictione</strong></span> <span class='ocrx_word' id='word_1_93' title='bbox 3035 1254 3186 1317; x_wconf 91' lang='lat' dir='ltr'><strong>duo·</strong></span> 
     </span>
     <span class='ocr_line' id='line_1_11' title="bbox 479 1337 1413 1416; baseline -0.005 -9"><span class='ocrx_word' id='word_1_94' title='bbox 479 1341 737 1416; x_wconf 88' lang='lat' dir='ltr'><strong>decima,</strong></span> <span class='ocrx_word' id='word_1_95' title='bbox 785 1337 1413 1405; x_wconf 86' lang='lat' dir='ltr'><strong>MCCCLXXXVIII.</strong></span> 
     </span>
    </p>

    <p class='ocr_par' dir='ltr' id='par_1_3' title="bbox 686 1426 2242 1510">
     <span class='ocr_line' id='line_1_12' title="bbox 686 1426 2242 1510; baseline -0.001 -17"><span class='ocrx_word' id='word_1_96' title='bbox 686 1428 876 1493; x_wconf 82' lang='lat' dir='ltr'><strong>Facto</strong></span> <span class='ocrx_word' id='word_1_97' title='bbox 923 1426 1174 1493; x_wconf 88' lang='lat' dir='ltr'><strong>fuerunt</strong></span> <span class='ocrx_word' id='word_1_98' title='bbox 1212 1427 1425 1493; x_wconf 88' lang='lat' dir='ltr'><strong>littere</strong></span> <span class='ocrx_word' id='word_1_99' title='bbox 1472 1428 1737 1510; x_wconf 89' lang='lat' dir='ltr'><strong>quatuor</strong></span> <span class='ocrx_word' id='word_1_100' title='bbox 1768 1427 1954 1492; x_wconf 90' lang='lat' dir='ltr'><strong>istius</strong></span> <span class='ocrx_word' id='word_1_101' title='bbox 1988 1427 2242 1493; x_wconf 79' lang='lat' dir='ltr'><strong>teucria.</strong></span> 
     </span>
    </p>

    <p class='ocr_par' dir='ltr' id='par_1_4' title="bbox 412 1513 3192 3015">
     <span class='ocr_line' id='line_1_13' title="bbox 686 1513 3181 1602; baseline 0 -21"><span class='ocrx_word' id='word_1_102' title='bbox 686 1517 805 1581; x_wconf 88' lang='lat' dir='ltr'><strong>Pro</strong></span> <span class='ocrx_word' id='word_1_103' title='bbox 847 1515 1158 1581; x_wconf 88' lang='lat' dir='ltr'><strong>nobilibus</strong></span> <span class='ocrx_word' id='word_1_104' title='bbox 1206 1513 1636 1598; x_wconf 86' lang='lat' dir='ltr'><strong>provisionatis</strong></span> <span class='ocrx_word' id='word_1_105' title='bbox 1683 1514 2002 1581; x_wconf 88' lang='lat' dir='ltr'><strong>Durachii.</strong></span> <span class='ocrx_word' id='word_1_106' title='bbox 2039 1551 2116 1562; x_wconf 90' lang='lat'><strong>—</strong></span> <span class='ocrx_word' id='word_1_107' title='bbox 2167 1514 2474 1583; x_wconf 88' lang='lat' dir='ltr'><strong>Antonius</strong></span> <span class='ocrx_word' id='word_1_108' title='bbox 2520 1517 2786 1582; x_wconf 89' lang='lat' dir='ltr'><strong>Venerio</strong></span> <span class='ocrx_word' id='word_1_109' title='bbox 2833 1516 2932 1582; x_wconf 85' lang='lat' dir='ltr'><strong>dei</strong></span> <span class='ocrx_word' id='word_1_110' title='bbox 2978 1516 3181 1602; x_wconf 84' lang='lat' dir='ltr'><strong>gratia</strong></span> 
     </span>
     <span class='ocr_line' id='line_1_14' title="bbox 481 1600 3181 1688; baseline 0 -19"><span class='ocrx_word' id='word_1_111' title='bbox 481 1606 599 1669; x_wconf 83' lang='lat' dir='ltr'><strong>dux</strong></span> <span class='ocrx_word' id='word_1_112' title='bbox 637 1603 1037 1670; x_wconf 87' lang='lat' dir='ltr'><strong>Venetiarum</strong></span> <span class='ocrx_word' id='word_1_113' title='bbox 1085 1605 1203 1669; x_wconf 88' lang='lat' dir='ltr'><strong>etc.</strong></span> <span class='ocrx_word' id='word_1_114' title='bbox 1250 1600 1574 1669; x_wconf 87' lang='lat' dir='ltr'><strong>Universis</strong></span> <span class='ocrx_word' id='word_1_115' title='bbox 1620 1605 1685 1668; x_wconf 88' lang='lat' dir='ltr'><strong>et</strong></span> <span class='ocrx_word' id='word_1_116' title='bbox 1750 1602 2016 1687; x_wconf 85' lang='lat' dir='ltr'><strong>singulis</strong></span> <span class='ocrx_word' id='word_1_117' title='bbox 2062 1604 2191 1668; x_wconf 86' lang='lat' dir='ltr'><strong>tam</strong></span> <span class='ocrx_word' id='word_1_118' title='bbox 2239 1607 2455 1671; x_wconf 88' lang='lat' dir='ltr'><strong>amicis</strong></span> <span class='ocrx_word' id='word_1_119' title='bbox 2488 1624 2673 1687; x_wconf 92' lang='lat' dir='ltr'><strong>quam</strong></span> <span class='ocrx_word' id='word_1_120' title='bbox 2721 1604 3005 1671; x_wconf 86' lang='lat' dir='ltr'><strong>fidelibus</strong></span> <span class='ocrx_word' id='word_1_121' title='bbox 3036 1625 3181 1688; x_wconf 89' lang='lat' dir='ltr'><strong>pre-</strong></span> 
     </span>
     <span class='ocr_line' id='line_1_15' title="bbox 479 1691 3181 1775; baseline 0 -17"><span class='ocrx_word' id='word_1_122' title='bbox 479 1693 758 1758; x_wconf 89' lang='lat' dir='ltr'><strong>sentibus</strong></span> <span class='ocrx_word' id='word_1_123' title='bbox 804 1695 869 1758; x_wconf 86' lang='lat' dir='ltr'><strong>et</strong></span> <span class='ocrx_word' id='word_1_124' title='bbox 913 1691 1139 1757; x_wconf 89' lang='lat' dir='ltr'><strong>futuris</strong></span> <span class='ocrx_word' id='word_1_125' title='bbox 1185 1693 1399 1774; x_wconf 91' lang='lat' dir='ltr'><strong>pateat</strong></span> <span class='ocrx_word' id='word_1_126' title='bbox 1443 1691 1776 1770; x_wconf 89' lang='lat' dir='ltr'><strong>evidenter,</strong></span> <span class='ocrx_word' id='word_1_127' title='bbox 1826 1692 1985 1775; x_wconf 90' lang='lat' dir='ltr'><strong>quod</strong></span> <span class='ocrx_word' id='word_1_128' title='bbox 2028 1710 2136 1757; x_wconf 86' lang='lat' dir='ltr'><strong>nos</strong></span> <span class='ocrx_word' id='word_1_129' title='bbox 2175 1711 2315 1758; x_wconf 86' lang='lat' dir='ltr'><strong>cum</strong></span> <span class='ocrx_word' id='word_1_130' title='bbox 2349 1695 2576 1759; x_wconf 88' lang='lat' dir='ltr'><strong>nostris</strong></span> <span class='ocrx_word' id='word_1_131' title='bbox 2607 1692 2902 1772; x_wconf 89' lang='lat' dir='ltr'><strong>consiliis,</strong></span> <span class='ocrx_word' id='word_1_132' title='bbox 2938 1696 3181 1759; x_wconf 91' lang='lat' dir='ltr'><strong>attento</strong></span> 
     </span>
     <span class='ocr_line' id='line_1_16' title="bbox 477 1779 3183 1867; baseline 0 -21"><span class='ocrx_word' id='word_1_133' title='bbox 477 1781 804 1866; x_wconf 87' lang='lat' dir='ltr'><strong>prudentia</strong></span> <span class='ocrx_word' id='word_1_134' title='bbox 848 1784 911 1845; x_wconf 90' lang='lat' dir='ltr'><strong>et</strong></span> <span class='ocrx_word' id='word_1_135' title='bbox 974 1779 1208 1863; x_wconf 89' lang='lat' dir='ltr'><strong>optima</strong></span> <span class='ocrx_word' id='word_1_136' title='bbox 1252 1779 1675 1863; x_wconf 83' lang='lat' dir='ltr'><strong>dispositione,</strong></span> <span class='ocrx_word' id='word_1_137' title='bbox 1722 1798 1909 1864; x_wconf 89' lang='lat' dir='ltr'><strong>quam</strong></span> <span class='ocrx_word' id='word_1_138' title='bbox 1958 1782 2322 1847; x_wconf 86' lang='lat' dir='ltr'><strong>reverendus</strong></span> <span class='ocrx_word' id='word_1_139' title='bbox 2380 1784 2555 1867; x_wconf 90' lang='lat' dir='ltr'><strong>pater</strong></span> <span class='ocrx_word' id='word_1_140' title='bbox 2599 1781 2879 1847; x_wconf 90' lang='lat' dir='ltr'><strong>dominus</strong></span> <span class='ocrx_word' id='word_1_141' title='bbox 2920 1780 3183 1847; x_wconf 89' lang='lat' dir='ltr'><strong>Dimitri</strong></span> 
     </span>
     <span class='ocr_line' id='line_1_17' title="bbox 483 1868 3188 1954; baseline 0 -19"><span class='ocrx_word' id='word_1_142' title='bbox 483 1870 798 1953; x_wconf 86' lang='lat' dir='ltr'><strong>episcopus</strong></span> <span class='ocrx_word' id='word_1_143' title='bbox 867 1887 941 1935; x_wconf 90' lang='lat' dir='ltr'><strong>ac</strong></span> <span class='ocrx_word' id='word_1_144' title='bbox 1010 1868 1247 1933; x_wconf 85' lang='lat' dir='ltr'><strong>nobiles</strong></span> <span class='ocrx_word' id='word_1_145' title='bbox 1297 1868 1411 1934; x_wconf 87' lang='lat' dir='ltr'><strong>viri</strong></span> <span class='ocrx_word' id='word_1_146' title='bbox 1470 1868 1856 1934; x_wconf 86' lang='lat' dir='ltr'><strong>Thamissius</strong></span> <span class='ocrx_word' id='word_1_147' title='bbox 1904 1868 2116 1944; x_wconf 86' lang='lat' dir='ltr'><strong>Tobia‚</strong></span> <span class='ocrx_word' id='word_1_148' title='bbox 2164 1868 2449 1936; x_wconf 87' lang='lat' dir='ltr'><strong>Gurenus</strong></span> <span class='ocrx_word' id='word_1_149' title='bbox 2506 1869 2738 1936; x_wconf 86' lang='lat' dir='ltr'><strong>Scbuto</strong></span> <span class='ocrx_word' id='word_1_150' title='bbox 2806 1870 3188 1954; x_wconf 82' lang='lat' dir='ltr'><strong>capitaneus,</strong></span> 
     </span>
     <span class='ocr_line' id='line_1_18' title="bbox 475 1955 3177 2043; baseline -0 -19"><span class='ocrx_word' id='word_1_151' title='bbox 475 1958 708 2024; x_wconf 90' lang='lat' dir='ltr'><strong>Borille</strong></span> <span class='ocrx_word' id='word_1_152' title='bbox 754 1956 1049 2043; x_wconf 80' lang='lat' dir='ltr'><strong>voyvoda,</strong></span> <span class='ocrx_word' id='word_1_153' title='bbox 1116 1956 1394 2022; x_wconf 83' lang='lat' dir='ltr'><strong>Andreas</strong></span> <span class='ocrx_word' id='word_1_154' title='bbox 1460 1956 1723 2022; x_wconf 84' lang='lat' dir='ltr'><strong>Misacbi</strong></span> <span class='ocrx_word' id='word_1_155' title='bbox 1793 1957 1858 2021; x_wconf 89' lang='lat' dir='ltr'><strong>et</strong></span> <span class='ocrx_word' id='word_1_156' title='bbox 1925 1955 2182 2040; x_wconf 74' lang='lat' dir='ltr'><strong>Alexius</strong></span> <span class='ocrx_word' id='word_1_157' title='bbox 2230 1957 2478 2024; x_wconf 85' lang='lat' dir='ltr'><strong>Ricardi</strong></span> <span class='ocrx_word' id='word_1_158' title='bbox 2540 1959 2599 2024; x_wconf 95' lang='lat' dir='ltr'><strong>di</strong></span> <span class='ocrx_word' id='word_1_159' title='bbox 2647 1958 2885 2035; x_wconf 88' lang='lat' dir='ltr'><strong>Marno,</strong></span> <span class='ocrx_word' id='word_1_160' title='bbox 2965 1976 3177 2023; x_wconf 87' lang='lat' dir='ltr'><strong>omnes</strong></span> 
     </span>
     <span class='ocr_line' id='line_1_19' title="bbox 483 2044 3191 2130; baseline -0.001 -17"><span class='ocrx_word' id='word_1_161' title='bbox 483 2046 876 2113; x_wconf 87' lang='lat' dir='ltr'><strong>honorabiles</strong></span> <span class='ocrx_word' id='word_1_162' title='bbox 917 2045 1084 2111; x_wconf 92' lang='lat' dir='ltr'><strong>cives</strong></span> <span class='ocrx_word' id='word_1_163' title='bbox 1133 2044 1451 2124; x_wconf 88' lang='lat' dir='ltr'><strong>Durachii,</strong></span> <span class='ocrx_word' id='word_1_164' title='bbox 1482 2047 1708 2129; x_wconf 89' lang='lat' dir='ltr'><strong>gerunt</strong></span> <span class='ocrx_word' id='word_1_165' title='bbox 1754 2045 1832 2110; x_wconf 87' lang='lat' dir='ltr'><strong>ad</strong></span> <span class='ocrx_word' id='word_1_166' title='bbox 1875 2044 2168 2110; x_wconf 88' lang='lat' dir='ltr'><strong>honorem</strong></span> <span class='ocrx_word' id='word_1_167' title='bbox 2218 2046 2415 2113; x_wconf 88' lang='lat' dir='ltr'><strong>nostri</strong></span> <span class='ocrx_word' id='word_1_168' title='bbox 2441 2046 2699 2112; x_wconf 90' lang='lat' dir='ltr'><strong>dominii</strong></span> <span class='ocrx_word' id='word_1_169' title='bbox 2746 2049 2808 2110; x_wconf 92' lang='lat' dir='ltr'><strong>et</strong></span> <span class='ocrx_word' id='word_1_170' title='bbox 2839 2047 3191 2130; x_wconf 84' lang='lat' dir='ltr'><strong>specialiter</strong></span> 
     </span>
     <span class='ocr_line' id='line_1_20' title="bbox 478 2132 3190 2216; baseline -0.001 -15"><span class='ocrx_word' id='word_1_171' title='bbox 478 2135 554 2201; x_wconf 88' lang='lat' dir='ltr'><strong>ad</strong></span> <span class='ocrx_word' id='word_1_172' title='bbox 600 2135 951 2201; x_wconf 87' lang='lat' dir='ltr'><strong>habendum</strong></span> <span class='ocrx_word' id='word_1_173' title='bbox 999 2152 1240 2216; x_wconf 89' lang='lat' dir='ltr'><strong>semper</strong></span> <span class='ocrx_word' id='word_1_174' title='bbox 1286 2133 1480 2199; x_wconf 83' lang='lat' dir='ltr'><strong>menti</strong></span> <span class='ocrx_word' id='word_1_175' title='bbox 1528 2132 1818 2198; x_wconf 90' lang='lat' dir='ltr'><strong>honorem</strong></span> <span class='ocrx_word' id='word_1_176' title='bbox 1866 2133 2063 2200; x_wconf 82' lang='lat' dir='ltr'><strong>nostri</strong></span> <span class='ocrx_word' id='word_1_177' title='bbox 2104 2133 2362 2199; x_wconf 90' lang='lat' dir='ltr'><strong>dominii</strong></span> <span class='ocrx_word' id='word_1_178' title='bbox 2422 2136 2483 2200; x_wconf 90' lang='lat' dir='ltr'><strong>in</strong></span> <span class='ocrx_word' id='word_1_179' title='bbox 2530 2134 2692 2202; x_wconf 79' lang='lat' dir='ltr'><strong>facto</strong></span> <span class='ocrx_word' id='word_1_180' title='bbox 2738 2133 3014 2200; x_wconf 87' lang='lat' dir='ltr'><strong>civitatis</strong></span> <span class='ocrx_word' id='word_1_181' title='bbox 3058 2135 3190 2199; x_wconf 67' lang='lat' dir='ltr'><strong>Du-</strong></span> 
     </span>
     <span class='ocr_line' id='line_1_21' title="bbox 476 2221 3190 2306; baseline -0 -17"><span class='ocrx_word' id='word_1_182' title='bbox 476 2223 692 2302; x_wconf 84' lang='lat' dir='ltr'><strong>rachii,</strong></span> <span class='ocrx_word' id='word_1_183' title='bbox 742 2242 817 2289; x_wconf 89' lang='lat' dir='ltr'><strong>ne</strong></span> <span class='ocrx_word' id='word_1_184' title='bbox 864 2223 1186 2306; x_wconf 88' lang='lat' dir='ltr'><strong>perveniat</strong></span> <span class='ocrx_word' id='word_1_185' title='bbox 1230 2221 1307 2286; x_wconf 89' lang='lat' dir='ltr'><strong>ad</strong></span> <span class='ocrx_word' id='word_1_186' title='bbox 1355 2239 1576 2287; x_wconf 87' lang='lat' dir='ltr'><strong>manus</strong></span> <span class='ocrx_word' id='word_1_187' title='bbox 1624 2221 2027 2298; x_wconf 77' lang='lat' dir='ltr'><strong>Turonorum,</strong></span> <span class='ocrx_word' id='word_1_188' title='bbox 2075 2222 2459 2305; x_wconf 89' lang='lat' dir='ltr'><strong>providimus</strong></span> <span class='ocrx_word' id='word_1_189' title='bbox 2520 2222 2683 2306; x_wconf 86' lang='lat' dir='ltr'><strong>ipsos</strong></span> <span class='ocrx_word' id='word_1_190' title='bbox 2731 2222 2797 2288; x_wconf 90' lang='lat' dir='ltr'><strong>et</strong></span> <span class='ocrx_word' id='word_1_191' title='bbox 2840 2223 3190 2306; x_wconf 84' lang='lat' dir='ltr'><strong>quemlibet</strong></span> 
     </span>
     <span class='ocr_line' id='line_1_22' title="bbox 477 2308 3190 2377; baseline 0 -1"><span class='ocrx_word' id='word_1_192' title='bbox 477 2330 684 2376; x_wconf 89' lang='lat' dir='ltr'><strong>eorum</strong></span> <span class='ocrx_word' id='word_1_193' title='bbox 732 2310 906 2376; x_wconf 89' lang='lat' dir='ltr'><strong>velut</strong></span> <span class='ocrx_word' id='word_1_194' title='bbox 951 2309 1208 2376; x_wconf 89' lang='lat' dir='ltr'><strong>intimos</strong></span> <span class='ocrx_word' id='word_1_195' title='bbox 1258 2312 1500 2375; x_wconf 87' lang='lat' dir='ltr'><strong>nostros</strong></span> <span class='ocrx_word' id='word_1_196' title='bbox 1545 2308 1772 2376; x_wconf 89' lang='lat' dir='ltr'><strong>habere</strong></span> <span class='ocrx_word' id='word_1_197' title='bbox 1822 2309 2156 2375; x_wconf 84' lang='lat' dir='ltr'><strong>efficaciter</strong></span> <span class='ocrx_word' id='word_1_198' title='bbox 2200 2312 2614 2377; x_wconf 84' lang='lat' dir='ltr'><strong>comendatos.</strong></span> <span class='ocrx_word' id='word_1_199' title='bbox 2660 2310 2746 2377; x_wconf 86' lang='lat' dir='ltr'><strong>Et</strong></span> <span class='ocrx_word' id='word_1_200' title='bbox 2792 2328 2865 2375; x_wconf 82' lang='lat' dir='ltr'><strong>ex</strong></span> <span class='ocrx_word' id='word_1_201' title='bbox 2898 2330 3054 2377; x_wconf 89' lang='lat' dir='ltr'><strong>nunc</strong></span> <span class='ocrx_word' id='word_1_202' title='bbox 3088 2329 3190 2376; x_wconf 91' lang='lat' dir='ltr'><strong>vo-</strong></span> 
     </span>
     <span class='ocr_line' id='line_1_23' title="bbox 478 2397 3188 2483; baseline -0 -19"><span class='ocrx_word' id='word_1_203' title='bbox 478 2399 707 2478; x_wconf 75' lang='lat' dir='ltr'><strong>lumuS,</strong></span> <span class='ocrx_word' id='word_1_204' title='bbox 756 2400 829 2464; x_wconf 91' lang='lat' dir='ltr'><strong>ut</strong></span> <span class='ocrx_word' id='word_1_205' title='bbox 871 2397 948 2463; x_wconf 93' lang='lat' dir='ltr'><strong>de</strong></span> <span class='ocrx_word' id='word_1_206' title='bbox 996 2398 1249 2480; x_wconf 86' lang='lat' dir='ltr'><strong>pecunia</strong></span> <span class='ocrx_word' id='word_1_207' title='bbox 1296 2398 1488 2463; x_wconf 85' lang='lat' dir='ltr'><strong>nostri</strong></span> <span class='ocrx_word' id='word_1_208' title='bbox 1535 2398 1879 2463; x_wconf 87' lang='lat' dir='ltr'><strong>communis</strong></span> <span class='ocrx_word' id='word_1_209' title='bbox 1923 2397 2153 2463; x_wconf 89' lang='lat' dir='ltr'><strong>habere</strong></span> <span class='ocrx_word' id='word_1_210' title='bbox 2201 2398 2464 2465; x_wconf 88' lang='lat' dir='ltr'><strong>debeant</strong></span> <span class='ocrx_word' id='word_1_211' title='bbox 2518 2400 2772 2466; x_wconf 88' lang='lat' dir='ltr'><strong>ducatos</strong></span> <span class='ocrx_word' id='word_1_212' title='bbox 2817 2398 3079 2483; x_wconf 84' lang='lat' dir='ltr'><strong>triginte</strong></span> <span class='ocrx_word' id='word_1_213' title='bbox 3126 2400 3188 2464; x_wconf 92' lang='lat' dir='ltr'><strong>in</strong></span> 
     </span>
     <span class='ocr_line' id='line_1_24' title="bbox 482 2483 3186 2571; baseline 0 -20"><span class='ocrx_word' id='word_1_214' title='bbox 482 2504 641 2552; x_wconf 91' lang='lat' dir='ltr'><strong>anno</strong></span> <span class='ocrx_word' id='word_1_215' title='bbox 691 2505 801 2570; x_wconf 88' lang='lat' dir='ltr'><strong>pro</strong></span> <span class='ocrx_word' id='word_1_216' title='bbox 846 2485 1124 2569; x_wconf 88' lang='lat' dir='ltr'><strong>quolibet</strong></span> <span class='ocrx_word' id='word_1_217' title='bbox 1164 2483 1242 2551; x_wconf 83' lang='lat' dir='ltr'><strong>ad</strong></span> <span class='ocrx_word' id='word_1_218' title='bbox 1289 2486 1742 2569; x_wconf 86' lang='lat' dir='ltr'><strong>beneplacitum</strong></span> <span class='ocrx_word' id='word_1_219' title='bbox 1791 2485 1989 2552; x_wconf 89' lang='lat' dir='ltr'><strong>nostri</strong></span> <span class='ocrx_word' id='word_1_220' title='bbox 2037 2487 2314 2552; x_wconf 87' lang='lat' dir='ltr'><strong>dominii.</strong></span> <span class='ocrx_word' id='word_1_221' title='bbox 2363 2488 2444 2553; x_wconf 85' lang='lat' dir='ltr'><strong>Et</strong></span> <span class='ocrx_word' id='word_1_222' title='bbox 2469 2490 2542 2553; x_wconf 92' lang='lat' dir='ltr'><strong>ut</strong></span> <span class='ocrx_word' id='word_1_223' title='bbox 2581 2489 2970 2571; x_wconf 86' lang='lat' dir='ltr'><strong>cognoscant,</strong></span> <span class='ocrx_word' id='word_1_224' title='bbox 3003 2506 3186 2571; x_wconf 86' lang='lat' dir='ltr'><strong>quam</strong></span> 
     </span>
     <span class='ocr_line' id='line_1_25' title="bbox 481 2573 3188 2662; baseline -0 -21"><span class='ocrx_word' id='word_1_225' title='bbox 481 2575 816 2641; x_wconf 84' lang='lat' dir='ltr'><strong>efficaciter</strong></span> <span class='ocrx_word' id='word_1_226' title='bbox 874 2575 1041 2658; x_wconf 88' lang='lat' dir='ltr'><strong>ipsos</strong></span> <span class='ocrx_word' id='word_1_227' title='bbox 1109 2574 1334 2641; x_wconf 87' lang='lat' dir='ltr'><strong>habere</strong></span> <span class='ocrx_word' id='word_1_228' title='bbox 1394 2574 1773 2640; x_wconf 87' lang='lat' dir='ltr'><strong>intendimus</strong></span> <span class='ocrx_word' id='word_1_229' title='bbox 1834 2573 2248 2656; x_wconf 85' lang='lat' dir='ltr'><strong>comendatos,</strong></span> <span class='ocrx_word' id='word_1_230' title='bbox 2295 2577 2687 2643; x_wconf 86' lang='lat' dir='ltr'><strong>notificamus</strong></span> <span class='ocrx_word' id='word_1_231' title='bbox 2751 2575 2862 2655; x_wconf 77' lang='lat' dir='ltr'><strong>eia,</strong></span> <span class='ocrx_word' id='word_1_232' title='bbox 2930 2576 3087 2662; x_wconf 89' lang='lat' dir='ltr'><strong>quod</strong></span> <span class='ocrx_word' id='word_1_233' title='bbox 3135 2576 3188 2643; x_wconf 90' lang='lat' dir='ltr'><strong>si</strong></span> 
     </span>
     <span class='ocr_line' id='line_1_26' title="bbox 483 2664 3187 2749; baseline -0 -18"><span class='ocrx_word' id='word_1_234' title='bbox 483 2666 703 2731; x_wconf 86' lang='lat' dir='ltr'><strong>civitas</strong></span> <span class='ocrx_word' id='word_1_235' title='bbox 750 2665 1045 2731; x_wconf 85' lang='lat' dir='ltr'><strong>Durachii</strong></span> <span class='ocrx_word' id='word_1_236' title='bbox 1094 2665 1408 2746; x_wconf 86' lang='lat' dir='ltr'><strong>perveniet</strong></span> <span class='ocrx_word' id='word_1_237' title='bbox 1466 2665 1544 2729; x_wconf 90' lang='lat' dir='ltr'><strong>ad</strong></span> <span class='ocrx_word' id='word_1_238' title='bbox 1607 2682 1829 2730; x_wconf 85' lang='lat' dir='ltr'><strong>manus</strong></span> <span class='ocrx_word' id='word_1_239' title='bbox 1876 2665 2072 2731; x_wconf 88' lang='lat' dir='ltr'><strong>nostri</strong></span> <span class='ocrx_word' id='word_1_240' title='bbox 2120 2664 2398 2743; x_wconf 88' lang='lat' dir='ltr'><strong>dominii,</strong></span> <span class='ocrx_word' id='word_1_241' title='bbox 2445 2664 2904 2749; x_wconf 87' lang='lat' dir='ltr'><strong>providebimus</strong></span> <span class='ocrx_word' id='word_1_242' title='bbox 2951 2667 3025 2730; x_wconf 89' lang='lat' dir='ltr'><strong>de</strong></span> <span class='ocrx_word' id='word_1_243' title='bbox 3077 2666 3187 2744; x_wconf 86' lang='lat' dir='ltr'><strong>cis,</strong></span> 
     </span>
     <span class='ocr_line' id='line_1_27' title="bbox 412 2751 3192 2837; baseline 0.001 -22"><span class='ocrx_word' id='word_1_244' title='bbox 412 2810 415 2815; x_wconf 80' lang='grc'><em>.</em></span> <span class='ocrx_word' id='word_1_245' title='bbox 478 2752 640 2837; x_wconf 88' lang='lat' dir='ltr'><strong>quod</strong></span> <span class='ocrx_word' id='word_1_246' title='bbox 685 2752 1003 2818; x_wconf 87' lang='lat' dir='ltr'><strong>habebunt</strong></span> <span class='ocrx_word' id='word_1_247' title='bbox 1048 2753 1274 2817; x_wconf 88' lang='lat' dir='ltr'><strong>merito</strong></span> <span class='ocrx_word' id='word_1_248' title='bbox 1322 2752 1688 2817; x_wconf 87' lang='lat' dir='ltr'><strong>contentari.</strong></span> <span class='ocrx_word' id='word_1_249' title='bbox 1753 2753 1983 2818; x_wconf 86' lang='lat' dir='ltr'><strong>Datum</strong></span> <span class='ocrx_word' id='word_1_250' title='bbox 2032 2751 2094 2818; x_wconf 91' lang='lat' dir='ltr'><strong>in</strong></span> <span class='ocrx_word' id='word_1_251' title='bbox 2141 2756 2351 2819; x_wconf 89' lang='lat' dir='ltr'><strong>nostro</strong></span> <span class='ocrx_word' id='word_1_252' title='bbox 2400 2753 2606 2820; x_wconf 87' lang='lat' dir='ltr'><strong>ducali</strong></span> <span class='ocrx_word' id='word_1_253' title='bbox 2654 2752 2903 2836; x_wconf 87' lang='lat' dir='ltr'><strong>palatio,</strong></span> <span class='ocrx_word' id='word_1_254' title='bbox 2954 2754 3050 2818; x_wconf 90' lang='lat' dir='ltr'><strong>die</strong></span> <span class='ocrx_word' id='word_1_255' title='bbox 3096 2755 3192 2818; x_wconf 92' lang='lat' dir='ltr'><strong>vi-</strong></span> 
     </span>
     <span class='ocr_line' id='line_1_28' title="bbox 472 2839 3187 2927; baseline 0 -20"><span class='ocrx_word' id='word_1_256' title='bbox 472 2842 710 2927; x_wconf 85' lang='lat' dir='ltr'><strong>gesimo</strong></span> <span class='ocrx_word' id='word_1_257' title='bbox 775 2842 1039 2924; x_wconf 89' lang='lat' dir='ltr'><strong>septimo</strong></span> <span class='ocrx_word' id='word_1_258' title='bbox 1100 2839 1416 2917; x_wconf 88' lang='lat' dir='ltr'><strong>februarii,</strong></span> <span class='ocrx_word' id='word_1_259' title='bbox 1501 2839 1838 2906; x_wconf 85' lang='lat' dir='ltr'><strong>indictione</strong></span> <span class='ocrx_word' id='word_1_260' title='bbox 1904 2841 2295 2922; x_wconf 86' lang='lat' dir='ltr'><strong>duodecima,</strong></span> <span class='ocrx_word' id='word_1_261' title='bbox 2359 2841 2690 2908; x_wconf 89' lang='lat' dir='ltr'><strong>millesimo</strong></span> <span class='ocrx_word' id='word_1_262' title='bbox 2753 2842 3187 2907; x_wconf 89' lang='lat' dir='ltr'><strong>trecentesimo</strong></span> 
     </span>
     <span class='ocr_line' id='line_1_29' title="bbox 473 2929 1171 3015; baseline -0.004 -18"><span class='ocrx_word' id='word_1_263' title='bbox 473 2929 893 3015; x_wconf 86' lang='lat' dir='ltr'><strong>octuagesimo</strong></span> <span class='ocrx_word' id='word_1_264' title='bbox 940 2930 1171 2995; x_wconf 87' lang='lat' dir='ltr'><strong>octavo.</strong></span> 
     </span>
    </p>
   </div>
   <div class='ocr_carea' id='block_1_3' title="bbox 565 3044 2137 3125">
    <p class='ocr_par' dir='ltr' id='par_1_5' title="bbox 565 3044 2137 3125">
     <span class='ocr_line' id='line_1_30' title="bbox 565 3044 2137 3125; baseline -0.002 -16"><span class='ocrx_word' id='word_1_265' title='bbox 565 3045 1132 3109; x_wconf 78' lang='lat' dir='ltr'><strong>Commemorialium</strong></span> <span class='ocrx_word' id='word_1_266' title='bbox 1189 3047 1375 3110; x_wconf 87' lang='lat' dir='ltr'><strong><em>VIII.</em></strong></span> <span class='ocrx_word' id='word_1_267' title='bbox 1426 3044 1573 3125; x_wconf 87' lang='lat'><strong>139,</strong></span> <span class='ocrx_word' id='word_1_268' title='bbox 1617 3064 1662 3106; x_wconf 81' lang='lat' dir='ltr'><strong>u</strong></span> <span class='ocrx_word' id='word_1_269' title='bbox 1703 3047 1862 3108; x_wconf 66' lang='grc' dir='ltr'><strong>ποῖαί.</strong></span> <span class='ocrx_word' id='word_1_270' title='bbox 1905 3047 2137 3108; x_wconf 77' lang='lat' dir='ltr'><strong>arkivu.</strong></span> 
     </span>
    </p>
   </div>
   <div class='ocr_carea' id='block_1_4' title="bbox 682 3234 2967 3479">
    <p class='ocr_par' dir='ltr' id='par_1_6' title="bbox 682 3234 2967 3479">
     <span class='ocr_line' id='line_1_31' title="bbox 714 3234 2948 3342; baseline 0 -20"><span class='ocrx_word' id='word_1_271' title='bbox 714 3235 1320 3322; x_wconf 82' lang='lat' dir='ltr'><strong>CCCLXXXI.</strong></span> <span class='ocrx_word' id='word_1_272' title='bbox 1373 3235 1579 3319; x_wconf 77' lang='lat' dir='ltr'><strong>God.</strong></span> <span class='ocrx_word' id='word_1_273' title='bbox 1637 3235 1866 3320; x_wconf 79' lang='lat'><strong>1389.</strong></span> <span class='ocrx_word' id='word_1_274' title='bbox 1922 3237 2030 3321; x_wconf 79' lang='lat'><strong>20</strong></span> <span class='ocrx_word' id='word_1_275' title='bbox 2083 3236 2394 3342; x_wconf 80' lang='lat' dir='ltr'><strong>llpnja,</strong></span> <span class='ocrx_word' id='word_1_276' title='bbox 2445 3261 2503 3321; x_wconf 92' lang='lat' dir='ltr'><strong>u</strong></span> <span class='ocrx_word' id='word_1_277' title='bbox 2558 3234 2948 3326; x_wconf 74' lang='lat' dir='ltr'><strong>Mle&#39;tcih.</strong></span> 
     </span>
     <span class='ocr_line' id='line_1_32' title="bbox 682 3388 2967 3479; baseline 0.001 -15"><span class='ocrx_word' id='word_1_278' title='bbox 682 3388 844 3473; x_wconf 59' lang='lat' dir='ltr'><strong>satie</strong></span> <span class='ocrx_word' id='word_1_279' title='bbox 887 3419 950 3463; x_wconf 71' lang='lat' dir='ltr'><strong>se</strong></span> <span class='ocrx_word' id='word_1_280' title='bbox 994 3402 1138 3463; x_wconf 73' lang='lat' dir='ltr'><strong>broa</strong></span> <span class='ocrx_word' id='word_1_281' title='bbox 1173 3420 1255 3477; x_wconf 73' lang='lat' dir='ltr'><strong>po</strong></span> <span class='ocrx_word' id='word_1_282' title='bbox 1300 3401 1619 3477; x_wconf 69' lang='grc' dir='ltr'><em>ροειαηειω</em></span> <span class='ocrx_word' id='word_1_283' title='bbox 1678 3400 2073 3478; x_wconf 63' lang='lat' dir='ltr'><strong>sommoya,</strong></span> <span class='ocrx_word' id='word_1_284' title='bbox 2134 3403 2233 3479; x_wconf 63' lang='lat'><em>1⁵05·</em></span> <span class='ocrx_word' id='word_1_285' title='bbox 2278 3420 2340 3464; x_wconf 74' lang='lat' dir='ltr'><strong>se</strong></span> <span class='ocrx_word' id='word_1_286' title='bbox 2385 3404 2622 3465; x_wconf 64' lang='lat' dir='ltr'><strong>„aemio</strong></span> <span class='ocrx_word' id='word_1_287' title='bbox 2667 3421 2712 3463; x_wconf 76' lang='lat' dir='ltr'><em>u</em></span> <span class='ocrx_word' id='word_1_288' title='bbox 2761 3402 2967 3466; x_wconf 71' lang='lat' dir='ltr'><strong>orm.</strong></span> 
     </span>
    </p>
   </div>
   <div class='ocr_carea' id='block_1_5' title="bbox 468 3539 3188 4244">
    <p class='ocr_par' dir='ltr' id='par_1_7' title="bbox 468 3539 3188 4244">
     <span class='ocr_line' id='line_1_33' title="bbox 556 3539 3181 3626; baseline 0.002 -20"><span class='ocrx_word' id='word_1_289' title='bbox 556 3569 561 3574; x_wconf 94' lang='lat'><strong>·</strong></span> <span class='ocrx_word' id='word_1_290' title='bbox 685 3539 877 3606; x_wconf 87' lang='grc'><strong>1389.</strong></span> <span class='ocrx_word' id='word_1_291' title='bbox 925 3539 1259 3606; x_wconf 87' lang='lat' dir='ltr'><strong>indictione</strong></span> <span class='ocrx_word' id='word_1_292' title='bbox 1306 3540 1449 3618; x_wconf 89' lang='lat' dir='ltr'><strong>XII,</strong></span> <span class='ocrx_word' id='word_1_293' title='bbox 1497 3539 1595 3606; x_wconf 90' lang='lat' dir='ltr'><strong>die</strong></span> <span class='ocrx_word' id='word_1_294' title='bbox 1638 3541 1697 3606; x_wconf 86' lang='lat' dir='ltr'>X</span> <span class='ocrx_word' id='word_1_295' title='bbox 1743 3539 1921 3606; x_wconf 90' lang='lat' dir='ltr'><strong>iunii.</strong></span> <span class='ocrx_word' id='word_1_296' title='bbox 1994 3539 2222 3624; x_wconf 85' lang='lat' dir='ltr'><strong>Capta:</strong></span> <span class='ocrx_word' id='word_1_297' title='bbox 2294 3543 2455 3626; x_wconf 90' lang='lat' dir='ltr'><strong>quod</strong></span> <span class='ocrx_word' id='word_1_298' title='bbox 2521 3561 2631 3626; x_wconf 89' lang='lat' dir='ltr'><strong>pro</strong></span> <span class='ocrx_word' id='word_1_299' title='bbox 2695 3543 2922 3608; x_wconf 87' lang='lat' dir='ltr'><strong>honore</strong></span> <span class='ocrx_word' id='word_1_300' title='bbox 2987 3544 3181 3610; x_wconf 87' lang='lat' dir='ltr'><strong>nostri</strong></span> 
     </span>
     <span class='ocr_line' id='line_1_34' title="bbox 470 3627 3188 3714; baseline 0.001 -21"><span class='ocrx_word' id='word_1_301' title='bbox 470 3629 746 3707; x_wconf 86' lang='lat' dir='ltr'><strong>dominii,</strong></span> <span class='ocrx_word' id='word_1_302' title='bbox 794 3631 859 3694; x_wconf 89' lang='lat' dir='ltr'><strong>et</strong></span> <span class='ocrx_word' id='word_1_303' title='bbox 918 3632 988 3693; x_wconf 86' lang='lat' dir='ltr'><strong>nt</strong></span> <span class='ocrx_word' id='word_1_304' title='bbox 1034 3627 1229 3712; x_wconf 88' lang='lat' dir='ltr'><strong>possit</strong></span> <span class='ocrx_word' id='word_1_305' title='bbox 1288 3628 1502 3693; x_wconf 87' lang='lat' dir='ltr'><strong>haberi</strong></span> <span class='ocrx_word' id='word_1_306' title='bbox 1576 3629 1931 3694; x_wconf 81' lang='lat' dir='ltr'><strong>informatio</strong></span> <span class='ocrx_word' id='word_1_307' title='bbox 1978 3647 2225 3707; x_wconf 87' lang='lat' dir='ltr'><strong>eorum,</strong></span> <span class='ocrx_word' id='word_1_308' title='bbox 2275 3649 2392 3714; x_wconf 89' lang='lat' dir='ltr'><strong>que</strong></span> <span class='ocrx_word' id='word_1_309' title='bbox 2457 3631 2743 3696; x_wconf 89' lang='lat' dir='ltr'><strong>dominns</strong></span> <span class='ocrx_word' id='word_1_310' title='bbox 2804 3650 2908 3696; x_wconf 82' lang='lat' dir='ltr'><strong>rex</strong></span> <span class='ocrx_word' id='word_1_311' title='bbox 2955 3632 3188 3697; x_wconf 86' lang='lat' dir='ltr'><strong>Bosnie</strong></span> 
     </span>
     <span class='ocr_line' id='line_1_35' title="bbox 470 3716 3188 3802; baseline 0.001 -19"><span class='ocrx_word' id='word_1_312' title='bbox 470 3718 786 3802; x_wconf 87' lang='lat' dir='ltr'><strong>significat</strong></span> <span class='ocrx_word' id='word_1_313' title='bbox 832 3717 1008 3783; x_wconf 86' lang='lat' dir='ltr'><strong>nobis</strong></span> <span class='ocrx_word' id='word_1_314' title='bbox 1054 3736 1166 3800; x_wconf 86' lang='lat' dir='ltr'><strong>per</strong></span> <span class='ocrx_word' id='word_1_315' title='bbox 1211 3717 1400 3783; x_wconf 90' lang='lat' dir='ltr'><strong>istum</strong></span> <span class='ocrx_word' id='word_1_316' title='bbox 1450 3717 1961 3793; x_wconf 86' lang='lat' dir='ltr'><strong>ambaxiatorem‚</strong></span> <span class='ocrx_word' id='word_1_317' title='bbox 2009 3717 2111 3800; x_wconf 90' lang='lat' dir='ltr'><strong>qui</strong></span> <span class='ocrx_word' id='word_1_318' title='bbox 2160 3720 2259 3784; x_wconf 88' lang='lat' dir='ltr'><strong>est</strong></span> <span class='ocrx_word' id='word_1_319' title='bbox 2302 3718 2366 3783; x_wconf 92' lang='lat' dir='ltr'><strong>in</strong></span> <span class='ocrx_word' id='word_1_320' title='bbox 2415 3716 2665 3795; x_wconf 88' lang='lat' dir='ltr'><strong>Chers0,</strong></span> <span class='ocrx_word' id='word_1_321' title='bbox 2722 3719 3037 3785; x_wconf 88' lang='lat' dir='ltr'><strong>scribatur</strong></span> <span class='ocrx_word' id='word_1_322' title='bbox 3085 3737 3188 3785; x_wconf 88' lang='lat' dir='ltr'><strong>ca-</strong></span> 
     </span>
     <span class='ocr_line' id='line_1_36' title="bbox 469 3804 3183 3889; baseline 0.001 -19"><span class='ocrx_word' id='word_1_323' title='bbox 469 3807 715 3888; x_wconf 87' lang='lat' dir='ltr'><strong>pitaneo</strong></span> <span class='ocrx_word' id='word_1_324' title='bbox 762 3808 969 3871; x_wconf 87' lang='lat' dir='ltr'><strong>nostro</strong></span> <span class='ocrx_word' id='word_1_325' title='bbox 1016 3804 1240 3889; x_wconf 88' lang='lat' dir='ltr'><strong>riperie</strong></span> <span class='ocrx_word' id='word_1_326' title='bbox 1283 3804 1486 3876; x_wconf 86' lang='lat' dir='ltr'><strong>Istrie‚</strong></span> <span class='ocrx_word' id='word_1_327' title='bbox 1521 3805 1677 3887; x_wconf 90' lang='lat' dir='ltr'><strong>quod</strong></span> <span class='ocrx_word' id='word_1_328' title='bbox 1721 3808 1970 3888; x_wconf 86' lang='lat' dir='ltr'><strong>recepto</strong></span> <span class='ocrx_word' id='word_1_329' title='bbox 2000 3805 2276 3889; x_wconf 88' lang='lat' dir='ltr'><strong>presenti</strong></span> <span class='ocrx_word' id='word_1_330' title='bbox 2323 3806 2616 3872; x_wconf 89' lang='lat' dir='ltr'><strong>mandato</strong></span> <span class='ocrx_word' id='word_1_331' title='bbox 2657 3807 2746 3871; x_wconf 85' lang='lat' dir='ltr'><strong>ire</strong></span> <span class='ocrx_word' id='word_1_332' title='bbox 2777 3807 3003 3873; x_wconf 87' lang='lat' dir='ltr'><strong>debeat</strong></span> <span class='ocrx_word' id='word_1_333' title='bbox 3038 3825 3183 3872; x_wconf 89' lang='lat' dir='ltr'><strong>cum</strong></span> 
     </span>
     <span class='ocr_line' id='line_1_37' title="bbox 468 3891 3186 3978; baseline 0.001 -22"><span class='ocrx_word' id='word_1_334' title='bbox 468 3892 637 3977; x_wconf 87' lang='lat' dir='ltr'><strong>ligno</strong></span> <span class='ocrx_word' id='word_1_335' title='bbox 675 3894 794 3961; x_wconf 90' lang='lat' dir='ltr'><strong>sibi</strong></span> <span class='ocrx_word' id='word_1_336' title='bbox 836 3894 1167 3960; x_wconf 88' lang='lat' dir='ltr'><strong>commisso</strong></span> <span class='ocrx_word' id='word_1_337' title='bbox 1214 3895 1291 3958; x_wconf 89' lang='lat' dir='ltr'><strong>ad</strong></span> <span class='ocrx_word' id='word_1_338' title='bbox 1335 3895 1547 3977; x_wconf 89' lang='lat' dir='ltr'><strong>partes</strong></span> <span class='ocrx_word' id='word_1_339' title='bbox 1582 3891 1795 3959; x_wconf 83' lang='lat' dir='ltr'><strong>Obersi</strong></span> <span class='ocrx_word' id='word_1_340' title='bbox 1845 3894 1925 3957; x_wconf 91' lang='lat' dir='ltr'><strong>ad</strong></span> <span class='ocrx_word' id='word_1_341' title='bbox 1969 3892 2295 3959; x_wconf 88' lang='lat' dir='ltr'><strong>levandum</strong></span> <span class='ocrx_word' id='word_1_342' title='bbox 2345 3894 2546 3978; x_wconf 88' lang='lat' dir='ltr'><strong>ipsum</strong></span> <span class='ocrx_word' id='word_1_343' title='bbox 2595 3896 3086 3961; x_wconf 72' lang='lat' dir='ltr'><strong>ambariatorem</strong></span> <span class='ocrx_word' id='word_1_344' title='bbox 3122 3899 3186 3961; x_wconf 92' lang='lat' dir='ltr'><strong>et</strong></span> 
     </span>
     <span class='ocr_line' id='line_1_38' title="bbox 471 3981 3184 4066; baseline 0.001 -22"><span class='ocrx_word' id='word_1_345' title='bbox 471 3983 933 4050; x_wconf 89' lang='lat' dir='ltr'><strong>conducendum</strong></span> <span class='ocrx_word' id='word_1_346' title='bbox 985 4001 1177 4066; x_wconf 90' lang='lat' dir='ltr'><strong>usque</strong></span> <span class='ocrx_word' id='word_1_347' title='bbox 1207 3981 1528 4065; x_wconf 72' lang='lat' dir='ltr'><strong>CaprulaS,</strong></span> <span class='ocrx_word' id='word_1_348' title='bbox 1562 3982 1758 4046; x_wconf 90' lang='lat' dir='ltr'><strong>eundo</strong></span> <span class='ocrx_word' id='word_1_349' title='bbox 1799 3981 2041 4047; x_wconf 85' lang='lat' dir='ltr'><strong>solicite</strong></span> <span class='ocrx_word' id='word_1_350' title='bbox 2091 3985 2156 4046; x_wconf 87' lang='lat' dir='ltr'><strong>et</strong></span> <span class='ocrx_word' id='word_1_351' title='bbox 2201 4001 2344 4048; x_wconf 90' lang='lat' dir='ltr'><strong>cum</strong></span> <span class='ocrx_word' id='word_1_352' title='bbox 2392 3982 2549 4047; x_wconf 93' lang='lat' dir='ltr'><strong>bono</strong></span> <span class='ocrx_word' id='word_1_353' title='bbox 2598 3982 2830 4055; x_wconf 81' lang='lat' dir='ltr'><strong>ordine,</strong></span> <span class='ocrx_word' id='word_1_354' title='bbox 2880 3983 2973 4047; x_wconf 85' lang='lat' dir='ltr'><strong>ita</strong></span> <span class='ocrx_word' id='word_1_355' title='bbox 3019 3984 3184 4066; x_wconf 90' lang='lat' dir='ltr'><strong>quod</strong></span> 
     </span>
     <span class='ocr_line' id='line_1_39' title="bbox 469 4069 3184 4155; baseline 0.001 -21"><span class='ocrx_word' id='word_1_356' title='bbox 469 4069 590 4135; x_wconf 90' lang='lat' dir='ltr'><strong>cito</strong></span> <span class='ocrx_word' id='word_1_357' title='bbox 632 4072 830 4138; x_wconf 90' lang='lat' dir='ltr'><strong>redire</strong></span> <span class='ocrx_word' id='word_1_358' title='bbox 877 4071 1076 4155; x_wconf 87' lang='lat' dir='ltr'><strong>possit</strong></span> <span class='ocrx_word' id='word_1_359' title='bbox 1134 4071 1211 4136; x_wconf 90' lang='lat' dir='ltr'><strong>ad</strong></span> <span class='ocrx_word' id='word_1_360' title='bbox 1258 4089 1434 4137; x_wconf 83' lang='lat' dir='ltr'><strong>suam</strong></span> <span class='ocrx_word' id='word_1_361' title='bbox 1483 4070 1849 4147; x_wconf 86' lang='lat' dir='ltr'><strong>custodiam,</strong></span> <span class='ocrx_word' id='word_1_362' title='bbox 1897 4074 1962 4135; x_wconf 89' lang='lat' dir='ltr'><strong>et</strong></span> <span class='ocrx_word' id='word_1_363' title='bbox 2021 4069 2390 4136; x_wconf 89' lang='lat' dir='ltr'><strong>dimittendo</strong></span> <span class='ocrx_word' id='word_1_364' title='bbox 2435 4070 2699 4136; x_wconf 85' lang='lat' dir='ltr'><strong>barchas</strong></span> <span class='ocrx_word' id='word_1_365' title='bbox 2746 4088 2891 4135; x_wconf 88' lang='lat' dir='ltr'><strong>suas</strong></span> <span class='ocrx_word' id='word_1_366' title='bbox 2953 4071 3033 4136; x_wconf 89' lang='lat' dir='ltr'><strong>ad</strong></span> <span class='ocrx_word' id='word_1_367' title='bbox 3079 4089 3184 4138; x_wconf 88' lang='lat' dir='ltr'><strong>cu·</strong></span> 
     </span>
     <span class='ocr_line' id='line_1_40' title="bbox 471 4157 1932 4244; baseline 0 -24"><span class='ocrx_word' id='word_1_368' title='bbox 471 4159 734 4226; x_wconf 89' lang='lat' dir='ltr'><strong>stodiam</strong></span> <span class='ocrx_word' id='word_1_369' title='bbox 782 4160 873 4224; x_wconf 86' lang='lat' dir='ltr'><strong>ita</strong></span> <span class='ocrx_word' id='word_1_370' title='bbox 918 4159 1081 4244; x_wconf 90' lang='lat' dir='ltr'><strong>quod</strong></span> <span class='ocrx_word' id='word_1_371' title='bbox 1126 4159 1547 4225; x_wconf 89' lang='lat' dir='ltr'><strong>contrabanna</strong></span> <span class='ocrx_word' id='word_1_372' title='bbox 1592 4176 1709 4223; x_wconf 92' lang='lat' dir='ltr'><strong>non</strong></span> <span class='ocrx_word' id='word_1_373' title='bbox 1758 4157 1932 4222; x_wconf 87' lang='lat' dir='ltr'><strong>fiant.</strong></span> 
     </span>
    </p>
   </div>
   <div class='ocr_carea' id='block_1_6' title="bbox 555 4264 1685 4341">
    <p class='ocr_par' dir='ltr' id='par_1_8' title="bbox 555 4264 1685 4341">
     <span class='ocr_line' id='line_1_41' title="bbox 555 4264 1685 4341; baseline -0.005 -10"><span class='ocrx_word' id='word_1_374' title='bbox 555 4270 735 4331; x_wconf 69' lang='lat' dir='ltr'><strong>Miati</strong></span> <span class='ocrx_word' id='word_1_375' title='bbox 784 4264 962 4331; x_wconf 82' lang='lat' dir='ltr'><strong>XLI.</strong></span> <span class='ocrx_word' id='word_1_376' title='bbox 1014 4271 1116 4341; x_wconf 77' lang='lat'><strong>14,</strong></span> <span class='ocrx_word' id='word_1_377' title='bbox 1162 4286 1205 4329; x_wconf 80' lang='lat' dir='ltr'><strong>u</strong></span> <span class='ocrx_word' id='word_1_378' title='bbox 1248 4268 1404 4330; x_wconf 79' lang='lat' dir='ltr'><strong>mlet.</strong></span> <span class='ocrx_word' id='word_1_379' title='bbox 1447 4267 1685 4327; x_wconf 77' lang='lat' dir='ltr'><strong>arkivu.</strong></span> 
     </span>
    </p>
   </div>
  </div>
 </body>
</html>
