3620 5282
3006 391 3140 456 215

752 564 1088 648 CCCIV.
1147 565 1354 648 (3011.
1410 565 1636 649 1385.
1690 565 1809 647 27.
1864 566 2239 665 travnjm
2293 588 2353 646 u
2406 566 2798 694 Mleteih.

1248 708 1517 768 Izabran
1553 710 1839 781 poslanik
1883 725 1956 768 za
2002 710 2295 784 Uyarsku.

618 828 805 892 1385.
831 828 931 891 die
957 827 1255 910 vigesimo
1293 828 1559 909 septimo
1601 829 1839 910 aprilis,
1869 828 2192 910 Sapientes
2218 828 2477 903 consilii,
2507 828 2815 907 sapientes
2862 828 3141 893 ordinum

404 919 652 997 excepto
697 935 796 978 ser
826 916 1130 980 Lodovico
1176 915 1533 980 Lauredano
1570 919 1982 998 procuratore.
2030 916 2260 997 Capta:
2311 918 2452 998 quia
2499 916 2900 979 consideratis
2946 916 3136 994 novis,

404 1022 523 1084 que
582 1003 915 1067 habuimus
962 1001 1036 1067 de
1079 1003 1359 1084 partibus
1420 1004 1759 1084 Hungarie,
1827 1005 2170 1067 necessario
2216 1004 2466 1084 expedit
2513 1003 2815 1084 provideri
2865 1003 2940 1067 de
2991 1004 3136 1066 mit-

404 1090 585 1153 tendo
653 1091 1040 1155 ambaxatam
1090 1093 1366 1153 nostram
1414 1092 1490 1154 ad
1560 1091 1697 1154 illas
1747 1095 1999 1171 partes;
2051 1092 2223 1155 vadit
2268 1110 2412 1171 pars
2458 1090 2520 1153 in
2571 1091 2729 1154 bona
2770 1092 2979 1171 gratia
3024 1109 3132 1171 pro

408 1178 564 1241 bono
612 1182 675 1241 et
716 1179 985 1241 utilitate
1033 1178 1411 1258 agendorum
1463 1182 1834 1255 nostrorum,
1882 1179 2041 1259 quod
2089 1178 2425 1260 elligantur
2469 1196 2576 1258 per
2621 1179 3035 1258 scruptinium
3070 1178 3133 1241 in

404 1262 521 1328 hoc
567 1265 823 1329 consilio
870 1265 990 1328 duo
1036 1265 1462 1330 ambaxatores
1531 1267 1900 1346 solempnes,
1947 1266 2048 1346 qui
2121 1265 2359 1347 possint
2403 1264 2597 1344 accipi
2647 1266 2720 1328 de
2777 1267 2944 1328 omni
3000 1266 3133 1329 loco

276 1389 277 1392 =
402 1354 465 1414 et
510 1350 706 1417 offitio
752 1354 816 1416 et
878 1352 1149 1416 iudicatu
1215 1353 1588 1434 peticionum
1633 1356 1696 1416 et
1743 1355 1815 1416 de
1883 1353 2083 1417 officio
2153 1352 2442 1416 continuo
2509 1363 2627 1415 non
2682 1353 2991 1432 perdendo
3045 1351 3138 1414 of-

404 1439 611 1502 ficium
662 1441 1020 1504 continuum
1071 1459 1179 1503 nec
1224 1440 1566 1504 utilitatem
1591 1442 1721 1504 eius
1792 1443 1857 1504 et
1887 1442 2294 1522 respondeant
2325 1441 2442 1515 die,
2478 1457 2598 1520 qua
2646 1437 2878 1503 fuerint
2922 1439 3128 1512 electi,

403 1526 501 1677 lui}
534 1527 673 1677 tali}
720 1528 798 1591 ad
845 1528 1082 1604 tertiaS,
1115 1529 1180 1591 et
1225 1547 1340 1591 non
1390 1529 1627 1608 possint
1673 1528 1944 1591 refutare
1991 1528 2107 1592 sub
2159 1546 2314 1610 pena
2358 1529 2723 1591 ducatorum
2756 1525 2802 1592 C
2837 1545 2944 1609 pro
2975 1543 3135 1608 quo-

431 1632 448 1675 ι
495 1633 528 1678 e
605 1632 636 1677 e
672 1632 722 1678 c.

612 1717 813 1781 Electi
859 1718 1292 1783 ambaxatores
1340 1720 1400 1782 in
1444 1720 1834 1801 Hungariam
1881 1738 1980 1784 ser
2024 1718 2379 1784 Leonardus
2436 1719 2720 1783 Dandulo
2766 1718 2947 1783 miles
2994 1736 3135 1799 pro-

406 1806 670 1881 curator,
720 1823 821 1868 ser
872 1806 1151 1870 Donatus
1197 1807 1427 1871 Truno.

490 1913 669 1973 Misti
718 1913 1034 1975 XXXIX.
1086 1916 1187 1993 72,
1235 1933 1277 1973 u
1321 1915 1477 1976 mlet.
1526 1916 1761 1976 arkivu.

790 2081 1078 2185 cccv,
1136 2102 1341 2186 eoa.
1396 2101 1619 2185 1385.
1677 2101 1776 2185 25
1830 2103 2196 2204 ενιιιιῃιι,
2252 2126 2312 2184 ιι
2364 2102 2760 2185 Mletoin.

400 2245 746 2319 odredjeno,
792 2248 873 2304 da
919 2249 1120 2306 miesto
1144 2249 1341 2306 Karia
1369 2246 1539 2306 Gena
1579 2242 1904 2318 poslanilca
1934 2266 1976 2305 u
2030 2246 2340 2320 Uqarskoj‚
2372 2247 2665 2304 izabrann
2695 2261 2769 2304 za
2813 2244 3132 2304 nacelnika

747 2352 788 2393 u
829 2335 1094 2403 Μίίαηιι,
1143 2337 1294 2395 bude
1336 2337 1712 2408 poslauikom
1758 2337 2068 2393 imenovan
2104 2335 2296 2407 jedan
2338 2335 2515 2408 druqi
2558 2332 2788 2405 plemic.

626 2452 788 2516 1385
828 2454 1190 2534 indictione
1237 2457 1473 2526 octava,
1525 2456 1620 2517 die
1663 2455 1746 2517 25
1794 2455 2020 2516 mensis
2059 2454 2237 2516 maii.
2306 2453 2611 2516 Dominus
2660 2455 2722 2516 et
2767 2450 3131 2516 consiliarii.

359 2541 361 2543 ’
408 2538 642 2619 Capta:
689 2559 830 2604 cum
902 2542 1125 2605 nobilis
1190 2544 1281 2605 vir
1342 2562 1439 2606 ser
1486 2543 1751 2606 Karolus
1794 2541 1984 2615 GenO,
2035 2542 2136 2622 qui
2188 2544 2320 2604 erat
2366 2542 2602 2604 electus
2649 2541 3009 2605 ambaxator
3055 2538 3130 2603 ad

411 2627 746 2709 reginalem
822 2630 1208 2694 maiestatem
1270 2631 1605 2712 Hungarie,
1677 2633 1739 2692 et
1786 2629 1922 2693 ibat
1973 2629 2259 2693 alacriter
2306 2631 2366 2692 et
2413 2627 2715 2701 libenter;
2765 2631 2979 2708 postea
3023 2646 3132 2709 per

354 2752 359 2755 Δ
409 2715 715 2779 excelsum
766 2717 828 2780 et
877 2718 1267 2799 magnificum
1316 2719 1635 2781 dominum
1670 2718 1964 2781 comitem
2003 2718 2319 2780 Virtutum
2363 2716 2548 2779 fuerit
2580 2717 2816 2781 electus
2851 2719 3131 2797 potestas

404 2789 758 2881 Mediolani,
808 2805 883 2868 ad
932 2824 1119 2887 quam
1166 2807 1570 2887 potestariam
1637 2807 1974 2886 dispositus
2022 2813 2116 2868 est
2164 2805 2270 2878 ire,
2338 2804 2629 2884 placendo
2677 2806 2884 2868 nostro
2931 2803 3130 2866 domi-

308 2910 313 2915 ·
403 2890 541 2965 nio;
576 2891 746 2955 vadit
771 2911 929 2974 parS,
961 2894 1020 2956 in
1047 2894 1202 2957 bona
1229 2897 1452 2975 gratia,
1484 2893 1681 2988 quod
1668 2913 1725 2968 η
1731 2912 1795 2955 se
1825 2912 1923 2955 ser
1950 2891 2220 2956 Karolus
2246 2891 2413 2956 Geno
2446 2892 2799 2955 absolvatur
2843 2891 3035 2954 libere
3071 2892 3135 2954 et

406 2978 541 3041 sine
583 2978 788 3059 aliqua
838 3000 988 3060 pena
1037 2999 1074 3045 a
1120 2982 1283 3044 dicta
1329 2970 1657 3045 ambaxata
1706 2980 2043 3060 Hungarie,
2079 2983 2142 3043 et
2187 2984 2368 3061 capta
2415 2981 2537 3043 ista
2585 2981 2777 3061 parte,
2825 2980 2940 3044 fiat
2968 2979 3132 3043 alius

405 3065 769 3129 ambaxator
813 3068 944 3132 loco
995 3070 1147 3133 eius.
1196 3070 1277 3133 Et
1323 3070 1372 3133 si
1420 3069 1753 3133 consilium
1803 3073 1919 3131 etc.

495 3170 673 3231 Misti
714 3173 1028 3236 XXXIX.
1079 3177 1182 3252 80,
1230 3193 1271 3233 u
1316 3177 1472 3237 mlet.
1521 3177 1753 3235 arkivu.

829 3359 1167 3443 cocvl.
1222 3362 1428 3446 eoa.
1485 3364 1705 3447 13s5.
1761 3363 1809 3444 3
1866 3309 2175 3463 uma,
2229 3385 2286 3442 ιι
2324 3361 2714 3443 Mletorn.

412 3504 560 3577 oper
599 3521 660 3562 se
726 3505 976 3577 pozivlje
1044 3506 1321 3564 bosanski
1387 3507 1563 3579 kralj,
1633 3508 1787 3564 nelca
1853 3507 2061 3578 izplati
2130 3505 2354 3565 Nikolu
2417 3505 2662 3579 Baseja,
2692 3522 2731 3563 u
2775 3506 2970 3564 koliko
3035 3523 3138 3564 mu

1650 3596 1885 3667 duyuje.

620 3710 808 3774 1385.
858 3709 957 3774 die
1000 3711 1095 3774 III
1140 3711 1311 3774 iunii.
1362 3710 1731 3776 Consiliarii.
1784 3712 2012 3793 Capta:
2079 3714 2238 3792 quod
2310 3711 2617 3775 scribatur
2683 3711 2932 3774 domino
3001 3701 3140 3793 regi

406 3797 624 3860 Rassie
671 3798 734 3861 in
780 3798 895 3863 hac
933 3798 1164 3861 forma:
1215 3799 1381 3880 regie
1430 3800 1737 3863 maiestati
1785 3819 1971 3880 quam
2022 3800 2224 3879 plures
2272 3798 2515 3861 litteras
2566 3799 3037 3871 destinavimus,
3073 3802 3136 3861 et

414 3884 647 3948 ultimo
685 3904 870 3949 unam
918 3885 1127 3950 datam
1194 3886 1494 3966 vigesimo
1545 3887 1813 3951 secundo
1859 3887 2201 3950 decembris
2266 3887 2543 3968 proxime
2576 3886 2789 3966 elapsi,
2839 3885 3138 3949 amicabi-

410 3971 554 4035 liter
602 3974 890 4055 rogantes
938 3991 1010 4037 ac
1058 3973 1507 4037 instantissime
1556 3976 1959 4055 requirentes,
2010 3977 2312 4055 quatenus
2362 3991 2470 4054 pro
2527 3973 2736 4036 debito
2777 3973 3022 4053 justitie
3070 3976 3133 4034 et

409 4059 650 4123 honoris
698 4062 854 4143 regii
902 4061 1148 4143 placeat
1196 4062 1401 4125 tenere
1446 4060 1691 4124 modum
1744 4064 1976 4143 absque
2024 4062 2162 4125 aliis
2209 4061 2631 4137 dilationibus,
2680 4059 2840 4142 quod
2889 4060 2982 4123 vir
3030 4066 3135 4122 no-

408 4144 549 4208 bilis
596 4146 885 4211 Nicolaus
934 4149 1172 4224 Baseio,
1217 4148 1371 4211 civis
1429 4153 1633 4211 noster
1680 4156 1742 4210 et
1784 4150 2135 4212 maiestatis
2184 4151 2383 4212 vestre
2454 4149 2831 4231 capitaneus,
2879 4146 3133 4210 realiter

411 4232 719 4314 acciperet
787 4236 1090 4318 integram
1162 4236 1651 4300 satisfactionem
1723 4255 1898 4299 suam
1946 4237 2021 4300 de
2070 4236 2378 4299 nonnullis
2428 4236 2676 4316 pecunie
2739 4233 3022 4311 summis,
3072 4235 3133 4296 in

408 4318 632 4401 quibus
699 4323 995 4387 maiestas
1067 4326 1271 4388 vestra
1318 4326 1561 4388 tenetur
1630 4322 1829 4386 eidem
1880 4344 1989 4404 pro
2034 4325 2213 4386 sactis
2261 4323 2448 4404 regiis
2497 4324 2628 4396 sibi,
2666 4323 2970 4396 comissis,
3022 4340 3130 4402 pro

408 4408 633 4489 quibus
681 4409 926 4491 quidem
970 4411 1244 4492 pecuniis
1294 4413 1425 4492 ipse
1473 4413 1569 4474 est
1616 4430 1797 4492 quam
1851 4410 2128 4490 pluribus
2179 4410 2454 4490 personis
2504 4411 2835 4492 obligatuS,
2894 4410 2999 4490 qui
3033 4426 3136 4498 so-

409 4494 675 4559 lutiones
722 4515 867 4561 suas
913 4516 1115 4562 coram
1164 4499 1341 4562 nobis
1388 4518 1527 4561 cum
1554 4497 1861 4561 continuis
1903 4498 2222 4560 instantiis
2271 4498 2578 4577 petierunt
2609 4502 2673 4560 et
2705 4500 2922 4576 petunt
2956 4498 3130 4573 adeo,

406 4581 565 4663 quod
613 4583 777 4647 idem
825 4583 1118 4649 Nicolaus
1159 4586 1383 4649 timore
1425 4587 1687 4649 carceris
1738 4604 2089 4666 comparere
2138 4603 2255 4647 non
2305 4585 2530 4664 potest,
2578 4601 2686 4664 pro
2720 4602 2836 4663 qua
2882 4582 3132 4665 quidem

405 4669 827 4734 satisfactione
870 4673 1195 4755 propinqui
1248 4672 1489 4737 Nicolai
1538 4692 1678 4753 sepe
1727 4676 2088 4752 comparent
2159 4689 2365 4735 coram
2414 4671 2592 4733 nobis
2632 4671 3028 4751 suplicanteS,
3065 4673 3134 4732 ut
3173 4688 3183 4697 ²

404 4757 796 4837 provideatur
840 4758 915 4822 de
982 4760 1251 4824 remedio
1321 4763 1639 4843 oportuno,
1690 4761 1760 4823 ut
1784 4762 1958 4823 exeat
2003 4760 2077 4822 de
2118 4760 2214 4822 tot
2259 4756 2593 4836 laboribus,
2644 4760 2709 4821 et
2753 4759 2823 4820 ut
2867 4755 2981 4835 illi,
3031 4754 3136 4836 qui
