<?xml version="1.0" encoding="UTF-8"?>
<!DOCTYPE html PUBLIC "-//W3C//DTD XHTML 1.0 Transitional//EN"
    "http://www.w3.org/TR/xhtml1/DTD/xhtml1-transitional.dtd">
<html xmlns="http://www.w3.org/1999/xhtml" xml:lang="en" lang="en">
 <head>
  <title>
</title>
<meta http-equiv="Content-Type" content="text/html;charset=utf-8" />
  <meta name='ocr-system' content='tesseract 3.04.00' />
  <meta name='ocr-capabilities' content='ocr_page ocr_carea ocr_par ocr_line ocrx_word'/>
</head>
<body>
  <div class='ocr_page' id='page_1' title='image "./monumentaspecta02umjegoog_0327.png"; bbox 0 0 3620 5282; ppageno 0'>
   <div class='ocr_carea' id='block_1_1' title="bbox 3048 381 3179 447">
    <p class='ocr_par' dir='ltr' id='par_1_1' title="bbox 3048 381 3179 447">
     <span class='ocr_line' id='line_1_1' title="bbox 3048 381 3179 447; baseline -0.015 0"><span class='ocrx_word' id='word_1_1' title='bbox 3048 381 3179 447; x_wconf 83' lang='lat'>275</span> 
     </span>
    </p>
   </div>
   <div class='ocr_carea' id='block_1_2' title="bbox 450 555 3175 816">
    <p class='ocr_par' dir='ltr' id='par_1_2' title="bbox 450 555 3175 816">
     <span class='ocr_line' id='line_1_2' title="bbox 450 555 3165 640; baseline 0 -20"><span class='ocrx_word' id='word_1_2' title='bbox 450 555 688 620; x_wconf 88' lang='lat' dir='ltr'>tierunt</span> <span class='ocrx_word' id='word_1_3' title='bbox 736 575 772 619; x_wconf 90' lang='lat' dir='ltr'>a</span> <span class='ocrx_word' id='word_1_4' title='bbox 813 575 931 630; x_wconf 91' lang='lat' dir='ltr'>me,</span> <span class='ocrx_word' id='word_1_5' title='bbox 980 559 1095 636; x_wconf 89' lang='lat' dir='ltr'>est,</span> <span class='ocrx_word' id='word_1_6' title='bbox 1144 556 1289 640; x_wconf 91' lang='lat' dir='ltr'>quia</span> <span class='ocrx_word' id='word_1_7' title='bbox 1332 557 1559 621; x_wconf 88' lang='lat' dir='ltr'>timent</span> <span class='ocrx_word' id='word_1_8' title='bbox 1598 558 1671 621; x_wconf 99' lang='grc'>(16</span> <span class='ocrx_word' id='word_1_9' title='bbox 1718 575 1880 635; x_wconf 90' lang='lat' dir='ltr'>voce,</span> <span class='ocrx_word' id='word_1_10' title='bbox 1928 574 2116 639; x_wconf 88' lang='lat' dir='ltr'>quam</span> <span class='ocrx_word' id='word_1_11' title='bbox 2141 555 2274 629; x_wconf 87' lang='lat' dir='ltr'>feci,</span> <span class='ocrx_word' id='word_1_12' title='bbox 2325 557 2566 620; x_wconf 90' lang='lat' dir='ltr'>scilicet</span> <span class='ocrx_word' id='word_1_13' title='bbox 2611 555 2685 620; x_wconf 91' lang='lat' dir='ltr'>de</span> <span class='ocrx_word' id='word_1_14' title='bbox 2738 574 2854 622; x_wconf 92' lang='lat' dir='ltr'>non</span> <span class='ocrx_word' id='word_1_15' title='bbox 2907 558 3165 638; x_wconf 89' lang='lat' dir='ltr'>permit·</span> 
     </span>
     <span class='ocr_line' id='line_1_3' title="bbox 455 639 3175 727; baseline 0 -19"><span class='ocrx_word' id='word_1_16' title='bbox 455 646 642 708; x_wconf 89' lang='lat' dir='ltr'>tendo</span> <span class='ocrx_word' id='word_1_17' title='bbox 686 643 1083 708; x_wconf 87' lang='lat' dir='ltr'>damnificare</span> <span class='ocrx_word' id='word_1_18' title='bbox 1131 646 1506 709; x_wconf 76' lang='lat' dir='ltr'>territorium</span> <span class='ocrx_word' id='word_1_19' title='bbox 1555 649 1831 709; x_wconf 88' lang='lat' dir='ltr'>vestrum</span> <span class='ocrx_word' id='word_1_20' title='bbox 1879 645 2088 723; x_wconf 85' lang='lat' dir='ltr'>Jadre,</span> <span class='ocrx_word' id='word_1_21' title='bbox 2137 649 2201 708; x_wconf 91' lang='lat' dir='ltr'>et</span> <span class='ocrx_word' id='word_1_22' title='bbox 2249 644 2324 707; x_wconf 91' lang='lat' dir='ltr'>de</span> <span class='ocrx_word' id='word_1_23' title='bbox 2371 644 2715 708; x_wconf 88' lang='lat' dir='ltr'>derobando</span> <span class='ocrx_word' id='word_1_24' title='bbox 2767 662 3018 723; x_wconf 89' lang='lat' dir='ltr'>omnes,</span> <span class='ocrx_word' id='word_1_25' title='bbox 3070 639 3175 727; x_wconf 89' lang='lat' dir='ltr'>qui</span> 
     </span>
     <span class='ocr_line' id='line_1_4' title="bbox 455 729 3175 816; baseline 0 -20"><span class='ocrx_word' id='word_1_26' title='bbox 455 731 825 796; x_wconf 89' lang='lat' dir='ltr'>derobarent</span> <span class='ocrx_word' id='word_1_27' title='bbox 871 750 989 809; x_wconf 92' lang='lat' dir='ltr'>me,</span> <span class='ocrx_word' id='word_1_28' title='bbox 1035 734 1098 795; x_wconf 92' lang='lat' dir='ltr'>et</span> <span class='ocrx_word' id='word_1_29' title='bbox 1144 734 1331 796; x_wconf 87' lang='lat' dir='ltr'>etiam</span> <span class='ocrx_word' id='word_1_30' title='bbox 1390 732 1532 816; x_wconf 88' lang='lat' dir='ltr'>quia</span> <span class='ocrx_word' id='word_1_31' title='bbox 1591 734 1832 810; x_wconf 89' lang='lat' dir='ltr'>sciunt,</span> <span class='ocrx_word' id='word_1_32' title='bbox 1884 732 2044 812; x_wconf 87' lang='lat' dir='ltr'>quod</span> <span class='ocrx_word' id='word_1_33' title='bbox 2107 732 2348 813; x_wconf 90' lang='lat' dir='ltr'>quando</span> <span class='ocrx_word' id='word_1_34' title='bbox 2416 732 2791 796; x_wconf 87' lang='lat' dir='ltr'>castellanus</span> <span class='ocrx_word' id='word_1_35' title='bbox 2837 729 3175 796; x_wconf 89' lang='lat' dir='ltr'>Ostrovicie</span> 
     </span>
    </p>
   </div>
   <div class='ocr_carea' id='block_1_3' title="bbox 451 819 3179 901">
    <p class='ocr_par' dir='ltr' id='par_1_3' title="bbox 451 819 3179 901">
     <span class='ocr_line' id='line_1_5' title="bbox 451 819 3179 901; baseline -0.001 -16"><span class='ocrx_word' id='word_1_36' title='bbox 451 821 622 885; x_wconf 89' lang='lat' dir='ltr'>venit</span> <span class='ocrx_word' id='word_1_37' title='bbox 666 823 810 884; x_wconf 89' lang='lat' dir='ltr'>ante</span> <span class='ocrx_word' id='word_1_38' title='bbox 857 819 1131 896; x_wconf 88' lang='lat' dir='ltr'>Jadram,</span> <span class='ocrx_word' id='word_1_39' title='bbox 1197 820 1574 884; x_wconf 87' lang='lat' dir='ltr'>castellanus</span> <span class='ocrx_word' id='word_1_40' title='bbox 1622 819 1850 894; x_wconf 83' lang='lat' dir='ltr'>Tinini,</span> <span class='ocrx_word' id='word_1_41' title='bbox 1901 838 2220 901; x_wconf 81' lang='lat' dir='ltr'><strong>precessor</strong></span> <span class='ocrx_word' id='word_1_42' title='bbox 2265 819 2445 882; x_wconf 91' lang='lat' dir='ltr'>huius</span> <span class='ocrx_word' id='word_1_43' title='bbox 2507 819 2757 899; x_wconf 88' lang='lat' dir='ltr'>scripsit</span> <span class='ocrx_word' id='word_1_44' title='bbox 2818 819 3006 895; x_wconf 92' lang='lat' dir='ltr'>mihi,</span> <span class='ocrx_word' id='word_1_45' title='bbox 3082 838 3179 882; x_wconf 88' lang='lat' dir='ltr'>re—</span> 
     </span>
    </p>
   </div>
   <div class='ocr_carea' id='block_1_4' title="bbox 453 906 3185 2208">
    <p class='ocr_par' dir='ltr' id='par_1_4' title="bbox 453 906 3185 1951">
     <span class='ocr_line' id='line_1_6' title="bbox 453 906 3168 990; baseline -0.001 -20"><span class='ocrx_word' id='word_1_46' title='bbox 453 906 770 989; x_wconf 90' lang='lat' dir='ltr'>quirendo,</span> <span class='ocrx_word' id='word_1_47' title='bbox 819 908 873 970; x_wconf 90' lang='lat' dir='ltr'>si</span> <span class='ocrx_word' id='word_1_48' title='bbox 920 910 1136 990; x_wconf 81' lang='lat' dir='ltr'>gentes</span> <span class='ocrx_word' id='word_1_49' title='bbox 1182 926 1290 971; x_wconf 91' lang='lat' dir='ltr'>sue</span> <span class='ocrx_word' id='word_1_50' title='bbox 1330 910 1536 971; x_wconf 89' lang='lat' dir='ltr'>essent</span> <span class='ocrx_word' id='word_1_51' title='bbox 1582 906 1681 970; x_wconf 89' lang='lat' dir='ltr'>hic</span> <span class='ocrx_word' id='word_1_52' title='bbox 1734 926 1968 986; x_wconf 89' lang='lat' dir='ltr'>secure,</span> <span class='ocrx_word' id='word_1_53' title='bbox 2018 906 2323 988; x_wconf 82' lang='lat' dir='ltr'>respondi,</span> <span class='ocrx_word' id='word_1_54' title='bbox 2373 908 2532 987; x_wconf 87' lang='lat' dir='ltr'>quod</span> <span class='ocrx_word' id='word_1_55' title='bbox 2580 906 2687 981; x_wconf 88' lang='lat' dir='ltr'>sic,</span> <span class='ocrx_word' id='word_1_56' title='bbox 2740 907 3007 988; x_wconf 84' lang='lat' dir='ltr'>exceptis</span> <span class='ocrx_word' id='word_1_57' title='bbox 3042 906 3168 970; x_wconf 89' lang='lat' dir='ltr'>illis</span> 
     </span>
     <span class='ocr_line' id='line_1_7' title="bbox 454 994 3173 1077; baseline 0 -20"><span class='ocrx_word' id='word_1_58' title='bbox 454 997 528 1058; x_wconf 91' lang='lat' dir='ltr'>de</span> <span class='ocrx_word' id='word_1_59' title='bbox 576 994 938 1073; x_wconf 87' lang='lat' dir='ltr'>Ostrovicia,</span> <span class='ocrx_word' id='word_1_60' title='bbox 986 995 1088 1076; x_wconf 89' lang='lat' dir='ltr'>qui</span> <span class='ocrx_word' id='word_1_61' title='bbox 1139 998 1465 1077; x_wconf 81' lang='lat' dir='ltr'>treuguam</span> <span class='ocrx_word' id='word_1_62' title='bbox 1512 994 1845 1077; x_wconf 81' lang='lat' dir='ltr'>fregerant,</span> <span class='ocrx_word' id='word_1_63' title='bbox 1895 998 1959 1058; x_wconf 91' lang='lat' dir='ltr'>et</span> <span class='ocrx_word' id='word_1_64' title='bbox 2003 996 2080 1058; x_wconf 87' lang='lat' dir='ltr'>ad</span> <span class='ocrx_word' id='word_1_65' title='bbox 2126 994 2644 1057; x_wconf 88' lang='lat' dir='ltr'>damnificandum</span> <span class='ocrx_word' id='word_1_66' title='bbox 2692 996 2985 1057; x_wconf 87' lang='lat' dir='ltr'>venerant</span> <span class='ocrx_word' id='word_1_67' title='bbox 3029 995 3173 1057; x_wconf 90' lang='lat' dir='ltr'>ante</span> 
     </span>
     <span class='ocr_line' id='line_1_8' title="bbox 454 1079 3178 1164; baseline -0.001 -17"><span class='ocrx_word' id='word_1_68' title='bbox 454 1082 742 1158; x_wconf 84' lang='lat' dir='ltr'>Jadram;</span> <span class='ocrx_word' id='word_1_69' title='bbox 793 1086 855 1145; x_wconf 91' lang='lat' dir='ltr'>et</span> <span class='ocrx_word' id='word_1_70' title='bbox 901 1101 1063 1160; x_wconf 91' lang='lat' dir='ltr'>vere,</span> <span class='ocrx_word' id='word_1_71' title='bbox 1112 1082 1358 1146; x_wconf 92' lang='lat' dir='ltr'>domine</span> <span class='ocrx_word' id='word_1_72' title='bbox 1405 1083 1511 1159; x_wconf 91' lang='lat' dir='ltr'>mi,</span> <span class='ocrx_word' id='word_1_73' title='bbox 1560 1082 1745 1146; x_wconf 89' lang='lat' dir='ltr'>aliter</span> <span class='ocrx_word' id='word_1_74' title='bbox 1790 1101 1980 1164; x_wconf 89' lang='lat' dir='ltr'>quam</span> <span class='ocrx_word' id='word_1_75' title='bbox 2025 1101 2166 1146; x_wconf 91' lang='lat' dir='ltr'>cum</span> <span class='ocrx_word' id='word_1_76' title='bbox 2213 1083 2436 1145; x_wconf 88' lang='lat' dir='ltr'>timore</span> <span class='ocrx_word' id='word_1_77' title='bbox 2478 1081 2585 1144; x_wconf 84' lang='lat' dir='ltr'>isti</span> <span class='ocrx_word' id='word_1_78' title='bbox 2632 1079 2958 1144; x_wconf 85' lang='lat' dir='ltr'>castellani</span> <span class='ocrx_word' id='word_1_79' title='bbox 3018 1080 3178 1144; x_wconf 89' lang='lat' dir='ltr'>male</span> 
     </span>
     <span class='ocr_line' id='line_1_9' title="bbox 455 1167 3182 1254; baseline -0.001 -21"><span class='ocrx_word' id='word_1_80' title='bbox 455 1172 749 1251; x_wconf 89' lang='lat' dir='ltr'>poterunt</span> <span class='ocrx_word' id='word_1_81' title='bbox 796 1169 1033 1248; x_wconf 88' lang='lat' dir='ltr'>evitari,</span> <span class='ocrx_word' id='word_1_82' title='bbox 1083 1171 1226 1251; x_wconf 90' lang='lat' dir='ltr'>quin</span> <span class='ocrx_word' id='word_1_83' title='bbox 1277 1189 1520 1251; x_wconf 85' lang='lat' dir='ltr'>semper</span> <span class='ocrx_word' id='word_1_84' title='bbox 1569 1170 2006 1244; x_wconf 80' lang='lat' dir='ltr'>damnificent3</span> <span class='ocrx_word' id='word_1_85' title='bbox 2057 1169 2168 1233; x_wconf 89' lang='lat' dir='ltr'>hec</span> <span class='ocrx_word' id='word_1_86' title='bbox 2214 1169 2420 1232; x_wconf 90' lang='lat' dir='ltr'>omnia</span> <span class='ocrx_word' id='word_1_87' title='bbox 2465 1169 2605 1232; x_wconf 89' lang='lat' dir='ltr'>dedi</span> <span class='ocrx_word' id='word_1_88' title='bbox 2652 1167 3000 1254; x_wconf 79' lang='lat' dir='ltr'>intelligere</span> <span class='ocrx_word' id='word_1_89' title='bbox 3048 1186 3182 1231; x_wconf 87' lang='lat' dir='ltr'>ma-</span> 
     </span>
     <span class='ocr_line' id='line_1_10' title="bbox 458 1254 3180 1339; baseline -0.001 -19"><span class='ocrx_word' id='word_1_90' title='bbox 458 1256 768 1339; x_wconf 89' lang='lat' dir='ltr'>gnitudini</span> <span class='ocrx_word' id='word_1_91' title='bbox 815 1258 1040 1335; x_wconf 81' lang='lat' dir='ltr'>vestre,</span> <span class='ocrx_word' id='word_1_92' title='bbox 1093 1260 1162 1320; x_wconf 93' lang='lat' dir='ltr'>ut</span> <span class='ocrx_word' id='word_1_93' title='bbox 1211 1258 1618 1321; x_wconf 88' lang='lat' dir='ltr'>intentionem</span> <span class='ocrx_word' id='word_1_94' title='bbox 1665 1261 1728 1319; x_wconf 89' lang='lat' dir='ltr'>et</span> <span class='ocrx_word' id='word_1_95' title='bbox 1774 1275 2069 1339; x_wconf 83' lang='lat' dir='ltr'>apparere</span> <span class='ocrx_word' id='word_1_96' title='bbox 2103 1259 2375 1320; x_wconf 87' lang='lat' dir='ltr'>vestrum</span> <span class='ocrx_word' id='word_1_97' title='bbox 2439 1256 2498 1319; x_wconf 91' lang='lat' dir='ltr'>in</span> <span class='ocrx_word' id='word_1_98' title='bbox 2548 1255 2666 1319; x_wconf 91' lang='lat' dir='ltr'>hiis</span> <span class='ocrx_word' id='word_1_99' title='bbox 2731 1254 2883 1318; x_wconf 88' lang='lat' dir='ltr'>mihi</span> <span class='ocrx_word' id='word_1_100' title='bbox 2932 1256 3180 1319; x_wconf 85' lang='lat' dir='ltr'>mittere</span> 
     </span>
     <span class='ocr_line' id='line_1_11' title="bbox 459 1342 3181 1427; baseline -0.001 -19"><span class='ocrx_word' id='word_1_101' title='bbox 459 1343 740 1421; x_wconf 90' lang='lat' dir='ltr'>valeatis,</span> <span class='ocrx_word' id='word_1_102' title='bbox 791 1344 1024 1408; x_wconf 84' lang='lat' dir='ltr'>sciente</span> <span class='ocrx_word' id='word_1_103' title='bbox 1072 1343 1491 1408; x_wconf 86' lang='lat' dir='ltr'>dominatione</span> <span class='ocrx_word' id='word_1_104' title='bbox 1535 1346 1760 1422; x_wconf 87' lang='lat' dir='ltr'>vestra,</span> <span class='ocrx_word' id='word_1_105' title='bbox 1815 1345 1975 1427; x_wconf 91' lang='lat' dir='ltr'>quod</span> <span class='ocrx_word' id='word_1_106' title='bbox 2020 1345 2319 1425; x_wconf 88' lang='lat' dir='ltr'>quantum</span> <span class='ocrx_word' id='word_1_107' title='bbox 2369 1342 2519 1406; x_wconf 88' lang='lat' dir='ltr'>mihi</span> <span class='ocrx_word' id='word_1_108' title='bbox 2565 1344 2825 1419; x_wconf 88' lang='lat' dir='ltr'>videtur,</span> <span class='ocrx_word' id='word_1_109' title='bbox 2876 1343 2927 1405; x_wconf 90' lang='lat' dir='ltr'>si</span> <span class='ocrx_word' id='word_1_110' title='bbox 2976 1360 3181 1407; x_wconf 91' lang='lat' dir='ltr'>comes</span> 
     </span>
     <span class='ocr_line' id='line_1_12' title="bbox 465 1429 3179 1514; baseline -0.001 -19"><span class='ocrx_word' id='word_1_111' title='bbox 465 1431 673 1495; x_wconf 88' lang='lat' dir='ltr'>Tinini</span> <span class='ocrx_word' id='word_1_112' title='bbox 738 1431 1002 1496; x_wconf 90' lang='lat' dir='ltr'>voluerit</span> <span class='ocrx_word' id='word_1_113' title='bbox 1057 1449 1415 1496; x_wconf 84' lang='lat' dir='ltr'>assecurare</span> <span class='ocrx_word' id='word_1_114' title='bbox 1474 1431 1806 1497; x_wconf 87' lang='lat' dir='ltr'>Jadrenses</span> <span class='ocrx_word' id='word_1_115' title='bbox 1866 1450 1977 1514; x_wconf 87' lang='lat' dir='ltr'>per</span> <span class='ocrx_word' id='word_1_116' title='bbox 2040 1432 2290 1495; x_wconf 89' lang='lat' dir='ltr'>modum</span> <span class='ocrx_word' id='word_1_117' title='bbox 2355 1431 2719 1511; x_wconf 89' lang='lat' dir='ltr'>predictum,</span> <span class='ocrx_word' id='word_1_118' title='bbox 2770 1429 2997 1493; x_wconf 90' lang='lat' dir='ltr'>bonum</span> <span class='ocrx_word' id='word_1_119' title='bbox 3043 1429 3179 1507; x_wconf 90' lang='lat' dir='ltr'>erit,</span> 
     </span>
     <span class='ocr_line' id='line_1_13' title="bbox 471 1516 3183 1600; baseline -0 -19"><span class='ocrx_word' id='word_1_120' title='bbox 471 1519 630 1600; x_wconf 92' lang='lat' dir='ltr'>quod</span> <span class='ocrx_word' id='word_1_121' title='bbox 677 1519 796 1600; x_wconf 90' lang='lat' dir='ltr'>ipsi</span> <span class='ocrx_word' id='word_1_122' title='bbox 844 1520 993 1582; x_wconf 92' lang='lat' dir='ltr'>dent</span> <span class='ocrx_word' id='word_1_123' title='bbox 1037 1519 1156 1583; x_wconf 90' lang='lat' dir='ltr'>sibi</span> <span class='ocrx_word' id='word_1_124' title='bbox 1200 1518 1467 1600; x_wconf 85' lang='lat' dir='ltr'>aliquod,</span> <span class='ocrx_word' id='word_1_125' title='bbox 1518 1522 1580 1582; x_wconf 89' lang='lat' dir='ltr'>et</span> <span class='ocrx_word' id='word_1_126' title='bbox 1626 1519 1747 1583; x_wconf 88' lang='lat' dir='ltr'>nisi</span> <span class='ocrx_word' id='word_1_127' title='bbox 1792 1518 1963 1584; x_wconf 90' lang='lat' dir='ltr'>aliud</span> <span class='ocrx_word' id='word_1_128' title='bbox 2030 1519 2184 1583; x_wconf 89' lang='lat' dir='ltr'>mihi</span> <span class='ocrx_word' id='word_1_129' title='bbox 2230 1518 2551 1595; x_wconf 61' lang='lat' dir='ltr'>scribatis,</span> <span class='ocrx_word' id='word_1_130' title='bbox 2617 1520 2680 1581; x_wconf 89' lang='lat' dir='ltr'>et</span> <span class='ocrx_word' id='word_1_131' title='bbox 2725 1535 2930 1581; x_wconf 89' lang='lat' dir='ltr'>comes</span> <span class='ocrx_word' id='word_1_132' title='bbox 2977 1516 3183 1599; x_wconf 89' lang='lat' dir='ltr'>predi-</span> 
     </span>
     <span class='ocr_line' id='line_1_14' title="bbox 472 1604 3181 1688; baseline -0 -20"><span class='ocrx_word' id='word_1_133' title='bbox 472 1608 610 1669; x_wconf 89' lang='lat' dir='ltr'>ctus</span> <span class='ocrx_word' id='word_1_134' title='bbox 652 1606 770 1670; x_wconf 91' lang='lat' dir='ltr'>hoc</span> <span class='ocrx_word' id='word_1_135' title='bbox 818 1606 1018 1670; x_wconf 87' lang='lat' dir='ltr'>facere</span> <span class='ocrx_word' id='word_1_136' title='bbox 1066 1605 1239 1685; x_wconf 87' lang='lat' dir='ltr'>velit,</span> <span class='ocrx_word' id='word_1_137' title='bbox 1287 1607 1607 1687; x_wconf 87' lang='lat' dir='ltr'>complebo</span> <span class='ocrx_word' id='word_1_138' title='bbox 1655 1604 1889 1670; x_wconf 87' lang='lat' dir='ltr'>sactum</span> <span class='ocrx_word' id='word_1_139' title='bbox 1935 1624 2044 1688; x_wconf 89' lang='lat' dir='ltr'>pro</span> <span class='ocrx_word' id='word_1_140' title='bbox 2092 1604 2535 1669; x_wconf 89' lang='lat' dir='ltr'>dissimulando</span> <span class='ocrx_word' id='word_1_141' title='bbox 2579 1622 2688 1686; x_wconf 90' lang='lat' dir='ltr'>pro</span> <span class='ocrx_word' id='word_1_142' title='bbox 2734 1623 2912 1681; x_wconf 90' lang='lat' dir='ltr'>nunc,</span> <span class='ocrx_word' id='word_1_143' title='bbox 2962 1607 3026 1668; x_wconf 87' lang='lat' dir='ltr'>et</span> <span class='ocrx_word' id='word_1_144' title='bbox 3070 1621 3181 1687; x_wconf 90' lang='lat' dir='ltr'>pro</span> 
     </span>
     <span class='ocr_line' id='line_1_15' title="bbox 468 1691 3184 1776; baseline -0.001 -18"><span class='ocrx_word' id='word_1_145' title='bbox 468 1693 724 1758; x_wconf 89' lang='lat' dir='ltr'>vivendo</span> <span class='ocrx_word' id='word_1_146' title='bbox 772 1693 1023 1776; x_wconf 87' lang='lat' dir='ltr'>pacifice</span> <span class='ocrx_word' id='word_1_147' title='bbox 1070 1711 1210 1757; x_wconf 90' lang='lat' dir='ltr'>cum</span> <span class='ocrx_word' id='word_1_148' title='bbox 1247 1695 1494 1768; x_wconf 83' lang='lat' dir='ltr'>eodem;</span> <span class='ocrx_word' id='word_1_149' title='bbox 1544 1696 1608 1758; x_wconf 92' lang='lat' dir='ltr'>et</span> <span class='ocrx_word' id='word_1_150' title='bbox 1653 1695 1705 1758; x_wconf 91' lang='lat' dir='ltr'>si</span> <span class='ocrx_word' id='word_1_151' title='bbox 1751 1693 1956 1758; x_wconf 89' lang='lat' dir='ltr'>dictus</span> <span class='ocrx_word' id='word_1_152' title='bbox 2002 1711 2207 1758; x_wconf 89' lang='lat' dir='ltr'>comes</span> <span class='ocrx_word' id='word_1_153' title='bbox 2254 1692 2557 1770; x_wconf 84' lang='lat' dir='ltr'>noluerit,</span> <span class='ocrx_word' id='word_1_154' title='bbox 2628 1693 2804 1756; x_wconf 89' lang='lat' dir='ltr'>credo</span> <span class='ocrx_word' id='word_1_155' title='bbox 2866 1709 3042 1774; x_wconf 90' lang='lat' dir='ltr'>posse</span> <span class='ocrx_word' id='word_1_156' title='bbox 3091 1691 3184 1754; x_wconf 87' lang='lat' dir='ltr'>fa-</span> 
     </span>
     <span class='ocr_line' id='line_1_16' title="bbox 467 1777 3185 1863; baseline -0.001 -19"><span class='ocrx_word' id='word_1_157' title='bbox 467 1797 600 1844; x_wconf 89' lang='lat' dir='ltr'>cere</span> <span class='ocrx_word' id='word_1_158' title='bbox 643 1781 751 1859; x_wconf 87' lang='lat' dir='ltr'>sic,</span> <span class='ocrx_word' id='word_1_159' title='bbox 803 1783 965 1863; x_wconf 89' lang='lat' dir='ltr'>quod</span> <span class='ocrx_word' id='word_1_160' title='bbox 1004 1800 1216 1845; x_wconf 88' lang='lat' dir='ltr'>omnes</span> <span class='ocrx_word' id='word_1_161' title='bbox 1263 1781 1577 1845; x_wconf 89' lang='lat' dir='ltr'>timebunt</span> <span class='ocrx_word' id='word_1_162' title='bbox 1620 1781 1760 1845; x_wconf 90' lang='lat' dir='ltr'>illos</span> <span class='ocrx_word' id='word_1_163' title='bbox 1808 1780 1885 1844; x_wconf 93' lang='lat' dir='ltr'>de</span> <span class='ocrx_word' id='word_1_164' title='bbox 1930 1779 2139 1860; x_wconf 86' lang='lat' dir='ltr'>Jadra,</span> <span class='ocrx_word' id='word_1_165' title='bbox 2188 1782 2253 1845; x_wconf 92' lang='lat' dir='ltr'>et</span> <span class='ocrx_word' id='word_1_166' title='bbox 2296 1798 2405 1863; x_wconf 93' lang='lat' dir='ltr'>pro</span> <span class='ocrx_word' id='word_1_167' title='bbox 2454 1797 2568 1844; x_wconf 88' lang='lat' dir='ltr'>uno</span> <span class='ocrx_word' id='word_1_168' title='bbox 2601 1780 2841 1856; x_wconf 88' lang='lat' dir='ltr'>damn0‚</span> <span class='ocrx_word' id='word_1_169' title='bbox 2889 1778 3043 1860; x_wconf 89' lang='lat' dir='ltr'>quod</span> <span class='ocrx_word' id='word_1_170' title='bbox 3092 1777 3185 1841; x_wconf 88' lang='lat' dir='ltr'>fa-</span> 
     </span>
     <span class='ocr_line' id='line_1_17' title="bbox 464 1867 1484 1951; baseline 0 -20"><span class='ocrx_word' id='word_1_171' title='bbox 464 1867 647 1945; x_wconf 89' lang='lat' dir='ltr'>cient,</span> <span class='ocrx_word' id='word_1_172' title='bbox 697 1868 816 1950; x_wconf 89' lang='lat' dir='ltr'>ipsi</span> <span class='ocrx_word' id='word_1_173' title='bbox 861 1869 1159 1951; x_wconf 87' lang='lat' dir='ltr'>recipient</span> <span class='ocrx_word' id='word_1_174' title='bbox 1205 1871 1484 1950; x_wconf 88' lang='lat' dir='ltr'>quatuor.</span> 
     </span>
    </p>

    <p class='ocr_par' dir='ltr' id='par_1_5' title="bbox 461 1953 3179 2126">
     <span class='ocr_line' id='line_1_18' title="bbox 672 1953 3179 2035; baseline -0.001 -17"><span class='ocrx_word' id='word_1_175' title='bbox 672 1956 898 2021; x_wconf 89' lang='lat' dir='ltr'>Vester</span> <span class='ocrx_word' id='word_1_176' title='bbox 943 1956 1166 2020; x_wconf 89' lang='lat' dir='ltr'>Petrus</span> <span class='ocrx_word' id='word_1_177' title='bbox 1216 1956 1525 2020; x_wconf 87' lang='lat' dir='ltr'>Baduario</span> <span class='ocrx_word' id='word_1_178' title='bbox 1588 1956 1768 2020; x_wconf 90' lang='lat' dir='ltr'>miles</span> <span class='ocrx_word' id='word_1_179' title='bbox 1816 1955 1891 2021; x_wconf 90' lang='lat' dir='ltr'>de</span> <span class='ocrx_word' id='word_1_180' title='bbox 1958 1956 2162 2021; x_wconf 90' lang='lat' dir='ltr'>vestro</span> <span class='ocrx_word' id='word_1_181' title='bbox 2223 1954 2517 2020; x_wconf 86' lang='lat' dir='ltr'>mandato</span> <span class='ocrx_word' id='word_1_182' title='bbox 2579 1972 2784 2018; x_wconf 88' lang='lat' dir='ltr'>comes</span> <span class='ocrx_word' id='word_1_183' title='bbox 2831 1956 2895 2016; x_wconf 91' lang='lat' dir='ltr'>et</span> <span class='ocrx_word' id='word_1_184' title='bbox 2944 1953 3179 2035; x_wconf 87' lang='lat' dir='ltr'>capita-</span> 
     </span>
     <span class='ocr_line' id='line_1_19' title="bbox 461 2042 2059 2126; baseline 0.001 -21"><span class='ocrx_word' id='word_1_185' title='bbox 461 2060 611 2106; x_wconf 87' lang='lat' dir='ltr'>neus</span> <span class='ocrx_word' id='word_1_186' title='bbox 657 2043 872 2108; x_wconf 86' lang='lat' dir='ltr'>Jadre.</span> <span class='ocrx_word' id='word_1_187' title='bbox 919 2043 1084 2107; x_wconf 88' lang='lat' dir='ltr'>Data</span> <span class='ocrx_word' id='word_1_188' title='bbox 1132 2043 1322 2108; x_wconf 84' lang='lat' dir='ltr'>Jadre</span> <span class='ocrx_word' id='word_1_189' title='bbox 1369 2045 1465 2108; x_wconf 90' lang='lat' dir='ltr'>die</span> <span class='ocrx_word' id='word_1_190' title='bbox 1512 2042 1694 2107; x_wconf 89' lang='lat' dir='ltr'><strong>XVII</strong></span> <span class='ocrx_word' id='word_1_191' title='bbox 1742 2044 1898 2107; x_wconf 90' lang='lat' dir='ltr'>iulii.</span> <span class='ocrx_word' id='word_1_192' title='bbox 2056 2123 2059 2126; x_wconf 30' lang='grc'><strong>,</strong></span> 
     </span>
    </p>

    <p class='ocr_par' dir='ltr' id='par_1_6' title="bbox 549 2133 1963 2208">
     <span class='ocr_line' id='line_1_20' title="bbox 549 2133 1963 2208; baseline 0.001 -18"><span class='ocrx_word' id='word_1_193' title='bbox 549 2133 831 2193; x_wconf 75' lang='lat' dir='ltr'>Izvornik</span> <span class='ocrx_word' id='word_1_194' title='bbox 874 2151 959 2193; x_wconf 77' lang='lat' dir='ltr'>na</span> <span class='ocrx_word' id='word_1_195' title='bbox 986 2136 1219 2208; x_wconf 70' lang='lat' dir='ltr'>papir-u</span> <span class='ocrx_word' id='word_1_196' title='bbox 1260 2153 1302 2192; x_wconf 82' lang='lat' dir='ltr'>u</span> <span class='ocrx_word' id='word_1_197' title='bbox 1347 2135 1562 2193; x_wconf 79' lang='lat' dir='ltr'>arkivu</span> <span class='ocrx_word' id='word_1_198' title='bbox 1605 2134 1963 2193; x_wconf 71' lang='lat' dir='ltr'>naetackom.</span> 
     </span>
    </p>
   </div>
   <div class='ocr_carea' id='block_1_5' title="bbox 776 2299 2837 2423">
    <p class='ocr_par' dir='ltr' id='par_1_7' title="bbox 776 2299 2837 2423">
     <span class='ocr_line' id='line_1_21' title="bbox 776 2299 2837 2423; baseline -0.001 -18"><span class='ocrx_word' id='word_1_199' title='bbox 776 2299 1267 2405; x_wconf 82' lang='lat' dir='ltr'>ccccxv.</span> <span class='ocrx_word' id='word_1_200' title='bbox 1326 2321 1531 2405; x_wconf 77' lang='lat' dir='ltr'>eoo.</span> <span class='ocrx_word' id='word_1_201' title='bbox 1588 2319 1813 2405; x_wconf 76' lang='lat'>1355.</span> <span class='ocrx_word' id='word_1_202' title='bbox 1867 2321 1974 2405; x_wconf 77' lang='lat'>20</span> <span class='ocrx_word' id='word_1_203' title='bbox 2030 2322 2355 2423; x_wconf 75' lang='lat' dir='ltr'>srpnja,</span> <span class='ocrx_word' id='word_1_204' title='bbox 2412 2345 2472 2403; x_wconf 88' lang='lat' dir='ltr'>u</span> <span class='ocrx_word' id='word_1_205' title='bbox 2525 2321 2837 2404; x_wconf 78' lang='lat' dir='ltr'>zauru.</span> 
     </span>
    </p>
   </div>
   <div class='ocr_carea' id='block_1_6' title="bbox 461 2446 3186 2611">
    <p class='ocr_par' dir='ltr' id='par_1_8' title="bbox 461 2446 3186 2611">
     <span class='ocr_line' id='line_1_22' title="bbox 461 2446 3186 2526; baseline 0 -19"><span class='ocrx_word' id='word_1_206' title='bbox 461 2449 630 2509; x_wconf 75' lang='lat' dir='ltr'>Knen</span> <span class='ocrx_word' id='word_1_207' title='bbox 670 2448 955 2509; x_wconf 74' lang='lat' dir='ltr'>zadarski</span> <span class='ocrx_word' id='word_1_208' title='bbox 986 2449 1186 2521; x_wconf 71' lang='lat' dir='ltr'>javlja</span> <span class='ocrx_word' id='word_1_209' title='bbox 1226 2446 1416 2526; x_wconf 83' lang='lat' dir='ltr'>svojoj</span> <span class='ocrx_word' id='word_1_210' title='bbox 1459 2449 1639 2526; x_wconf 62' lang='lat' dir='ltr'>dadi,</span> <span class='ocrx_word' id='word_1_211' title='bbox 1688 2449 1767 2507; x_wconf 86' lang='lat' dir='ltr'>da</span> <span class='ocrx_word' id='word_1_212' title='bbox 1786 2466 1871 2521; x_wconf 77' lang='lat' dir='ltr'>po</span> <span class='ocrx_word' id='word_1_213' title='bbox 1899 2450 2085 2518; x_wconf 81' lang='lat' dir='ltr'>vicsti,</span> <span class='ocrx_word' id='word_1_214' title='bbox 2132 2449 2273 2521; x_wconf 75' lang='lat' dir='ltr'>koju</span> <span class='ocrx_word' id='word_1_215' title='bbox 2306 2450 2374 2521; x_wconf 81' lang='lat' dir='ltr'>je</span> <span class='ocrx_word' id='word_1_216' title='bbox 2405 2449 2572 2506; x_wconf 75' lang='lat' dir='ltr'>dubio</span> <span class='ocrx_word' id='word_1_217' title='bbox 2619 2449 2694 2506; x_wconf 82' lang='lat' dir='ltr'>od</span> <span class='ocrx_word' id='word_1_218' title='bbox 2727 2447 2969 2521; x_wconf 75' lang='lat' dir='ltr'>Grqura</span> <span class='ocrx_word' id='word_1_219' title='bbox 2998 2449 3186 2508; x_wconf 73' lang='lat' dir='ltr'>lenem</span> 
     </span>
     <span class='ocr_line' id='line_1_23' title="bbox 504 2536 3145 2611; baseline -0.001 -15"><span class='ocrx_word' id='word_1_220' title='bbox 504 2538 888 2611; x_wconf 72' lang='lat' dir='ltr'>krbavskoqa,</span> <span class='ocrx_word' id='word_1_221' title='bbox 934 2536 1262 2610; x_wconf 57' lang='lat' dir='ltr'>aqam-krv-</span> <span class='ocrx_word' id='word_1_222' title='bbox 1309 2537 1468 2609; x_wconf 66' lang='lat' dir='ltr'>kralj</span> <span class='ocrx_word' id='word_1_223' title='bbox 1517 2536 1799 2609; x_wconf 73' lang='lat' dir='ltr'>Ljudevit</span> <span class='ocrx_word' id='word_1_224' title='bbox 1846 2538 2195 2610; x_wconf 74' lang='lat' dir='ltr'>namjerava</span> <span class='ocrx_word' id='word_1_225' title='bbox 2238 2537 2365 2595; x_wconf 69' lang='lat' dir='ltr'>saci</span> <span class='ocrx_word' id='word_1_226' title='bbox 2398 2553 2428 2595; x_wconf 84' lang='lat' dir='ltr'>s</span> <span class='ocrx_word' id='word_1_227' title='bbox 2450 2538 2705 2609; x_wconf 81' lang='lat' dir='ltr'>vojskom</span> <span class='ocrx_word' id='word_1_228' title='bbox 2753 2555 2795 2593; x_wconf 81' lang='lat' dir='ltr'>u</span> <span class='ocrx_word' id='word_1_229' title='bbox 2839 2537 3145 2609; x_wconf 77' lang='lat' dir='ltr'>primorje.</span> 
     </span>
    </p>
   </div>
   <div class='ocr_carea' id='block_1_7' title="bbox 463 2655 3191 3961">
    <p class='ocr_par' dir='ltr' id='par_1_9' title="bbox 463 2655 3191 3703">
     <span class='ocr_line' id='line_1_24' title="bbox 680 2655 3191 2723; baseline -0 -1"><span class='ocrx_word' id='word_1_230' title='bbox 680 2656 1086 2722; x_wconf 89' lang='lat' dir='ltr'>Serenissimo</span> <span class='ocrx_word' id='word_1_231' title='bbox 1134 2659 1196 2722; x_wconf 94' lang='lat' dir='ltr'>et</span> <span class='ocrx_word' id='word_1_232' title='bbox 1242 2657 1762 2722; x_wconf 82' lang='lat' dir='ltr'>excellentissimo</span> <span class='ocrx_word' id='word_1_233' title='bbox 1827 2658 2073 2723; x_wconf 89' lang='lat' dir='ltr'>domino</span> <span class='ocrx_word' id='word_1_234' title='bbox 2141 2676 2249 2721; x_wconf 89' lang='lat' dir='ltr'>suo</span> <span class='ocrx_word' id='word_1_235' title='bbox 2312 2656 2558 2721; x_wconf 90' lang='lat' dir='ltr'>domino</span> <span class='ocrx_word' id='word_1_236' title='bbox 2625 2656 2892 2721; x_wconf 83' lang='lat' dir='ltr'>Jobanni</span> <span class='ocrx_word' id='word_1_237' title='bbox 2951 2655 3191 2721; x_wconf 83' lang='lat' dir='ltr'>Grado-</span> 
     </span>
     <span class='ocr_line' id='line_1_25' title="bbox 465 2744 3186 2828; baseline 0 -20"><span class='ocrx_word' id='word_1_238' title='bbox 465 2746 618 2823; x_wconf 83' lang='lat' dir='ltr'>nice,</span> <span class='ocrx_word' id='word_1_239' title='bbox 669 2744 769 2809; x_wconf 90' lang='lat' dir='ltr'>dei</span> <span class='ocrx_word' id='word_1_240' title='bbox 817 2744 1029 2828; x_wconf 87' lang='lat' dir='ltr'>gracia</span> <span class='ocrx_word' id='word_1_241' title='bbox 1065 2744 1493 2822; x_wconf 87' lang='lat' dir='ltr'>Veneciarum,</span> <span class='ocrx_word' id='word_1_242' title='bbox 1544 2745 1859 2809; x_wconf 81' lang='lat' dir='ltr'>Dalmatis</span> <span class='ocrx_word' id='word_1_243' title='bbox 1907 2750 2093 2828; x_wconf 89' lang='lat' dir='ltr'>atque</span> <span class='ocrx_word' id='word_1_244' title='bbox 2152 2745 2401 2810; x_wconf 88' lang='lat' dir='ltr'>Croatie</span> <span class='ocrx_word' id='word_1_245' title='bbox 2449 2745 2665 2809; x_wconf 86' lang='lat' dir='ltr'>inclito</span> <span class='ocrx_word' id='word_1_246' title='bbox 2713 2745 2890 2821; x_wconf 89' lang='lat' dir='ltr'>duci,</span> <span class='ocrx_word' id='word_1_247' title='bbox 2940 2744 3186 2809; x_wconf 91' lang='lat' dir='ltr'>domino</span> 
     </span>
     <span class='ocr_line' id='line_1_26' title="bbox 463 2831 3185 2915; baseline -0 -20"><span class='ocrx_word' id='word_1_248' title='bbox 463 2834 683 2915; x_wconf 89' lang='lat' dir='ltr'>quarte</span> <span class='ocrx_word' id='word_1_249' title='bbox 731 2832 926 2915; x_wconf 87' lang='lat' dir='ltr'>partis</span> <span class='ocrx_word' id='word_1_250' title='bbox 974 2835 1036 2895; x_wconf 85' lang='lat' dir='ltr'>et</span> <span class='ocrx_word' id='word_1_251' title='bbox 1085 2831 1340 2895; x_wconf 90' lang='lat' dir='ltr'>dimidie</span> <span class='ocrx_word' id='word_1_252' title='bbox 1388 2833 1579 2897; x_wconf 90' lang='lat' dir='ltr'>totius</span> <span class='ocrx_word' id='word_1_253' title='bbox 1628 2833 1873 2915; x_wconf 91' lang='lat' dir='ltr'>imperii</span> <span class='ocrx_word' id='word_1_254' title='bbox 1921 2833 2241 2897; x_wconf 88' lang='lat' dir='ltr'>Romanie.</span> <span class='ocrx_word' id='word_1_255' title='bbox 2318 2831 2723 2896; x_wconf 90' lang='lat' dir='ltr'>Serenissime</span> <span class='ocrx_word' id='word_1_256' title='bbox 2771 2831 3015 2896; x_wconf 90' lang='lat' dir='ltr'>domine</span> <span class='ocrx_word' id='word_1_257' title='bbox 3063 2832 3185 2895; x_wconf 80' lang='lat' dir='ltr'>mi!</span> 
     </span>
     <span class='ocr_line' id='line_1_27' title="bbox 465 2917 3185 3003; baseline -0 -19"><span class='ocrx_word' id='word_1_258' title='bbox 465 2919 895 2984; x_wconf 89' lang='lat' dir='ltr'>Dominationi</span> <span class='ocrx_word' id='word_1_259' title='bbox 941 2921 1143 2983; x_wconf 86' lang='lat' dir='ltr'>vestre</span> <span class='ocrx_word' id='word_1_260' title='bbox 1191 2920 1436 2984; x_wconf 91' lang='lat' dir='ltr'>notifico</span> <span class='ocrx_word' id='word_1_261' title='bbox 1480 2939 1585 3001; x_wconf 91' lang='lat' dir='ltr'>per</span> <span class='ocrx_word' id='word_1_262' title='bbox 1632 2923 1967 3003; x_wconf 86' lang='lat' dir='ltr'>presentes,</span> <span class='ocrx_word' id='word_1_263' title='bbox 2026 2922 2184 3003; x_wconf 91' lang='lat' dir='ltr'>quod</span> <span class='ocrx_word' id='word_1_264' title='bbox 2232 2938 2438 2983; x_wconf 91' lang='lat' dir='ltr'>comes</span> <span class='ocrx_word' id='word_1_265' title='bbox 2502 2919 2841 3001; x_wconf 88' lang='lat' dir='ltr'>Gregorius</span> <span class='ocrx_word' id='word_1_266' title='bbox 2889 2917 3185 2983; x_wconf 86' lang='lat' dir='ltr'>Corbavie</span> 
     </span>
     <span class='ocr_line' id='line_1_28' title="bbox 465 3005 3189 3090; baseline 0 -20"><span class='ocrx_word' id='word_1_267' title='bbox 465 3026 505 3070; x_wconf 88' lang='lat' dir='ltr'>a</span> <span class='ocrx_word' id='word_1_268' title='bbox 557 3025 701 3090; x_wconf 85' lang='lat' dir='ltr'>rege</span> <span class='ocrx_word' id='word_1_269' title='bbox 749 3007 1068 3090; x_wconf 89' lang='lat' dir='ltr'>Hungarie</span> <span class='ocrx_word' id='word_1_270' title='bbox 1117 3007 1356 3071; x_wconf 90' lang='lat' dir='ltr'>noviter</span> <span class='ocrx_word' id='word_1_271' title='bbox 1389 3009 1487 3071; x_wconf 92' lang='lat' dir='ltr'>est</span> <span class='ocrx_word' id='word_1_272' title='bbox 1515 3026 1796 3072; x_wconf 86' lang='lat' dir='ltr'>reversus</span> <span class='ocrx_word' id='word_1_273' title='bbox 1846 3027 1986 3072; x_wconf 90' lang='lat' dir='ltr'>cum</span> <span class='ocrx_word' id='word_1_274' title='bbox 2030 3026 2150 3071; x_wconf 93' lang='lat' dir='ltr'>uno</span> <span class='ocrx_word' id='word_1_275' title='bbox 2197 3007 2464 3071; x_wconf 87' lang='lat' dir='ltr'>filiorum</span> <span class='ocrx_word' id='word_1_276' title='bbox 2511 3025 2794 3084; x_wconf 90' lang='lat' dir='ltr'>suorum,</span> <span class='ocrx_word' id='word_1_277' title='bbox 2845 3005 3002 3070; x_wconf 87' lang='lat' dir='ltr'>alter</span> <span class='ocrx_word' id='word_1_278' title='bbox 3047 3025 3189 3071; x_wconf 88' lang='lat' dir='ltr'>vero</span> 
     </span>
     <span class='ocr_line' id='line_1_29' title="bbox 465 3093 3191 3177; baseline -0 -19"><span class='ocrx_word' id='word_1_279' title='bbox 465 3094 632 3160; x_wconf 89' lang='lat' dir='ltr'>filius</span> <span class='ocrx_word' id='word_1_280' title='bbox 679 3112 825 3159; x_wconf 88' lang='lat' dir='ltr'>suus</span> <span class='ocrx_word' id='word_1_281' title='bbox 872 3096 1124 3176; x_wconf 90' lang='lat' dir='ltr'>propter</span> <span class='ocrx_word' id='word_1_282' title='bbox 1170 3094 1601 3159; x_wconf 90' lang='lat' dir='ltr'>infirmitatem</span> <span class='ocrx_word' id='word_1_283' title='bbox 1652 3096 1857 3159; x_wconf 86' lang='lat' dir='ltr'>uxoris</span> <span class='ocrx_word' id='word_1_284' title='bbox 1921 3115 2028 3160; x_wconf 83' lang='lat' dir='ltr'>sue</span> <span class='ocrx_word' id='word_1_285' title='bbox 2079 3096 2138 3159; x_wconf 90' lang='lat' dir='ltr'>in</span> <span class='ocrx_word' id='word_1_286' title='bbox 2187 3094 2511 3177; x_wconf 89' lang='lat' dir='ltr'>Hungaria</span> <span class='ocrx_word' id='word_1_287' title='bbox 2570 3093 2903 3171; x_wconf 85' lang='lat' dir='ltr'>remansit,</span> <span class='ocrx_word' id='word_1_288' title='bbox 2971 3113 3191 3177; x_wconf 88' lang='lat' dir='ltr'>quam-</span> 
     </span>
     <span class='ocr_line' id='line_1_30' title="bbox 470 3181 3188 3265; baseline 0 -19"><span class='ocrx_word' id='word_1_289' title='bbox 470 3201 655 3265; x_wconf 90' lang='lat' dir='ltr'>quam</span> <span class='ocrx_word' id='word_1_290' title='bbox 705 3184 893 3246; x_wconf 89' lang='lat' dir='ltr'>etiam</span> <span class='ocrx_word' id='word_1_291' title='bbox 938 3183 1070 3264; x_wconf 89' lang='lat' dir='ltr'>ipse</span> <span class='ocrx_word' id='word_1_292' title='bbox 1117 3181 1374 3246; x_wconf 89' lang='lat' dir='ltr'>coctidie</span> <span class='ocrx_word' id='word_1_293' title='bbox 1424 3186 1718 3265; x_wconf 86' lang='lat' dir='ltr'>expectet.</span> <span class='ocrx_word' id='word_1_294' title='bbox 1770 3182 2055 3247; x_wconf 91' lang='lat' dir='ltr'>Sentiens</span> <span class='ocrx_word' id='word_1_295' title='bbox 2083 3202 2223 3248; x_wconf 90' lang='lat' dir='ltr'>vero</span> <span class='ocrx_word' id='word_1_296' title='bbox 2269 3183 2344 3247; x_wconf 91' lang='lat' dir='ltr'>de</span> <span class='ocrx_word' id='word_1_297' title='bbox 2387 3182 2653 3246; x_wconf 89' lang='lat' dir='ltr'>adventu</span> <span class='ocrx_word' id='word_1_298' title='bbox 2682 3200 2808 3259; x_wconf 90' lang='lat' dir='ltr'>suo,</span> <span class='ocrx_word' id='word_1_299' title='bbox 2858 3185 2920 3245; x_wconf 91' lang='lat' dir='ltr'>et</span> <span class='ocrx_word' id='word_1_300' title='bbox 2966 3183 3188 3263; x_wconf 86' lang='lat' dir='ltr'>optans</span> 
     </span>
     <span class='ocr_line' id='line_1_31' title="bbox 468 3269 3185 3353; baseline 0 -19"><span class='ocrx_word' id='word_1_301' title='bbox 468 3271 626 3335; x_wconf 87' lang='lat' dir='ltr'>scire</span> <span class='ocrx_word' id='word_1_302' title='bbox 674 3288 831 3335; x_wconf 89' lang='lat' dir='ltr'>nova</span> <span class='ocrx_word' id='word_1_303' title='bbox 876 3269 951 3333; x_wconf 94' lang='lat' dir='ltr'>de</span> <span class='ocrx_word' id='word_1_304' title='bbox 1001 3270 1279 3351; x_wconf 87' lang='lat' dir='ltr'>partibus</span> <span class='ocrx_word' id='word_1_305' title='bbox 1328 3270 1474 3345; x_wconf 85' lang='lat' dir='ltr'>illis,</span> <span class='ocrx_word' id='word_1_306' title='bbox 1523 3272 1666 3334; x_wconf 88' lang='lat' dir='ltr'>misi</span> <span class='ocrx_word' id='word_1_307' title='bbox 1714 3271 1957 3335; x_wconf 86' lang='lat' dir='ltr'>litteras</span> <span class='ocrx_word' id='word_1_308' title='bbox 2014 3290 2185 3335; x_wconf 88' lang='lat' dir='ltr'>meas</span> <span class='ocrx_word' id='word_1_309' title='bbox 2250 3270 2461 3335; x_wconf 89' lang='lat' dir='ltr'>comiti</span> <span class='ocrx_word' id='word_1_310' title='bbox 2524 3270 2913 3353; x_wconf 78' lang='lat' dir='ltr'>supradicto,</span> <span class='ocrx_word' id='word_1_311' title='bbox 2980 3269 3185 3351; x_wconf 89' lang='lat' dir='ltr'>ipsum</span> 
     </span>
     <span class='ocr_line' id='line_1_32' title="bbox 470 3355 3183 3441; baseline 0 -20"><span class='ocrx_word' id='word_1_312' title='bbox 470 3357 762 3441; x_wconf 88' lang='lat' dir='ltr'>rogand0‚</span> <span class='ocrx_word' id='word_1_313' title='bbox 810 3358 898 3435; x_wconf 91' lang='lat' dir='ltr'>ut,</span> <span class='ocrx_word' id='word_1_314' title='bbox 943 3357 995 3422; x_wconf 89' lang='lat' dir='ltr'>si</span> <span class='ocrx_word' id='word_1_315' title='bbox 1044 3358 1200 3440; x_wconf 90' lang='lat' dir='ltr'>quod</span> <span class='ocrx_word' id='word_1_316' title='bbox 1235 3355 1508 3421; x_wconf 89' lang='lat' dir='ltr'>notabile</span> <span class='ocrx_word' id='word_1_317' title='bbox 1535 3377 1756 3422; x_wconf 91' lang='lat' dir='ltr'>novum</span> <span class='ocrx_word' id='word_1_318' title='bbox 1782 3359 2054 3437; x_wconf 88' lang='lat' dir='ltr'>haberet,</span> <span class='ocrx_word' id='word_1_319' title='bbox 2101 3358 2259 3422; x_wconf 91' lang='lat' dir='ltr'>illud</span> <span class='ocrx_word' id='word_1_320' title='bbox 2306 3359 2455 3423; x_wconf 88' lang='lat' dir='ltr'>mihi</span> <span class='ocrx_word' id='word_1_321' title='bbox 2505 3359 2734 3422; x_wconf 87' lang='lat' dir='ltr'>faceret</span> <span class='ocrx_word' id='word_1_322' title='bbox 2765 3355 3183 3422; x_wconf 83' lang='lat' dir='ltr'>manifestum.</span> 
     </span>
     <span class='ocr_line' id='line_1_33' title="bbox 468 3442 3185 3529; baseline 0 -20"><span class='ocrx_word' id='word_1_323' title='bbox 468 3442 587 3524; x_wconf 82' lang='lat' dir='ltr'>Qui</span> <span class='ocrx_word' id='word_1_324' title='bbox 636 3444 791 3510; x_wconf 88' lang='lat' dir='ltr'>mihi</span> <span class='ocrx_word' id='word_1_325' title='bbox 836 3443 1178 3526; x_wconf 89' lang='lat' dir='ltr'>rescripsit,</span> <span class='ocrx_word' id='word_1_326' title='bbox 1228 3464 1361 3509; x_wconf 88' lang='lat' dir='ltr'>esse</span> <span class='ocrx_word' id='word_1_327' title='bbox 1408 3464 1655 3525; x_wconf 88' lang='lat' dir='ltr'>novum,</span> <span class='ocrx_word' id='word_1_328' title='bbox 1704 3465 1915 3528; x_wconf 89' lang='lat' dir='ltr'>regem</span> <span class='ocrx_word' id='word_1_329' title='bbox 1964 3446 2283 3529; x_wconf 89' lang='lat' dir='ltr'>Hungarie</span> <span class='ocrx_word' id='word_1_330' title='bbox 2346 3446 2717 3527; x_wconf 89' lang='lat' dir='ltr'>disposuisse</span> <span class='ocrx_word' id='word_1_331' title='bbox 2763 3447 2826 3508; x_wconf 90' lang='lat' dir='ltr'>et</span> <span class='ocrx_word' id='word_1_332' title='bbox 2870 3445 3185 3509; x_wconf 88' lang='lat' dir='ltr'>ordinasse</span> 
     </span>
     <span class='ocr_line' id='line_1_34' title="bbox 465 3531 3182 3617; baseline -0 -20"><span class='ocrx_word' id='word_1_333' title='bbox 465 3533 872 3615; x_wconf 85' lang='lat' dir='ltr'>personaliter</span> <span class='ocrx_word' id='word_1_334' title='bbox 918 3531 1288 3597; x_wconf 89' lang='lat' dir='ltr'>descendere</span> <span class='ocrx_word' id='word_1_335' title='bbox 1335 3535 1411 3597; x_wconf 88' lang='lat' dir='ltr'>ad</span> <span class='ocrx_word' id='word_1_336' title='bbox 1458 3536 1666 3616; x_wconf 87' lang='lat' dir='ltr'>partes</span> <span class='ocrx_word' id='word_1_337' title='bbox 1713 3534 1891 3611; x_wconf 88' lang='lat' dir='ltr'>istas,</span> <span class='ocrx_word' id='word_1_338' title='bbox 1955 3534 2062 3598; x_wconf 90' lang='lat' dir='ltr'>sed</span> <span class='ocrx_word' id='word_1_339' title='bbox 2112 3536 2242 3617; x_wconf 89' lang='lat' dir='ltr'>ipse</span> <span class='ocrx_word' id='word_1_340' title='bbox 2288 3533 2501 3612; x_wconf 87' lang='lat' dir='ltr'>credit,</span> <span class='ocrx_word' id='word_1_341' title='bbox 2553 3533 2710 3615; x_wconf 90' lang='lat' dir='ltr'>quod</span> <span class='ocrx_word' id='word_1_342' title='bbox 2758 3532 2907 3595; x_wconf 88' lang='lat' dir='ltr'>dum</span> <span class='ocrx_word' id='word_1_343' title='bbox 2956 3533 3182 3597; x_wconf 88' lang='lat' dir='ltr'>sentiet</span> 
     </span>
     <span class='ocr_line' id='line_1_35' title="bbox 468 3620 2951 3703; baseline -0.001 -18"><span class='ocrx_word' id='word_1_344' title='bbox 468 3639 629 3686; x_wconf 86' lang='lat' dir='ltr'>nova</span> <span class='ocrx_word' id='word_1_345' title='bbox 673 3620 749 3685; x_wconf 90' lang='lat' dir='ltr'>de</span> <span class='ocrx_word' id='word_1_346' title='bbox 794 3638 944 3702; x_wconf 86' lang='lat' dir='ltr'>pace</span> <span class='ocrx_word' id='word_1_347' title='bbox 991 3620 1153 3684; x_wconf 86' lang='lat' dir='ltr'>inter</span> <span class='ocrx_word' id='word_1_348' title='bbox 1195 3638 1300 3683; x_wconf 87' lang='lat' dir='ltr'>vos</span> <span class='ocrx_word' id='word_1_349' title='bbox 1351 3624 1414 3684; x_wconf 90' lang='lat' dir='ltr'>et</span> <span class='ocrx_word' id='word_1_350' title='bbox 1459 3621 1804 3686; x_wconf 86' lang='lat' dir='ltr'>Januenses</span> <span class='ocrx_word' id='word_1_351' title='bbox 1851 3621 2035 3698; x_wconf 82' lang='lat' dir='ltr'>facta,</span> <span class='ocrx_word' id='word_1_352' title='bbox 2085 3622 2471 3703; x_wconf 88' lang='lat' dir='ltr'>propositum</span> <span class='ocrx_word' id='word_1_353' title='bbox 2519 3620 2951 3685; x_wconf 88' lang='lat' dir='ltr'>commutabit.</span> 
     </span>
    </p>

    <p class='ocr_par' dir='ltr' id='par_1_10' title="bbox 467 3707 3178 3875">
     <span class='ocr_line' id='line_1_36' title="bbox 679 3707 3178 3789; baseline -0.001 -16"><span class='ocrx_word' id='word_1_354' title='bbox 679 3708 901 3773; x_wconf 88' lang='lat' dir='ltr'>Vester</span> <span class='ocrx_word' id='word_1_355' title='bbox 948 3708 1171 3772; x_wconf 88' lang='lat' dir='ltr'>Petrus</span> <span class='ocrx_word' id='word_1_356' title='bbox 1217 3708 1522 3773; x_wconf 86' lang='lat' dir='ltr'>Baduario</span> <span class='ocrx_word' id='word_1_357' title='bbox 1571 3710 1772 3786; x_wconf 81' lang='lat' dir='ltr'>mileS,</span> <span class='ocrx_word' id='word_1_358' title='bbox 1822 3708 1898 3773; x_wconf 92' lang='lat' dir='ltr'>de</span> <span class='ocrx_word' id='word_1_359' title='bbox 1964 3712 2165 3774; x_wconf 88' lang='lat' dir='ltr'>vestro</span> <span class='ocrx_word' id='word_1_360' title='bbox 2234 3709 2526 3773; x_wconf 83' lang='lat' dir='ltr'>mandato</span> <span class='ocrx_word' id='word_1_361' title='bbox 2592 3726 2794 3772; x_wconf 91' lang='lat' dir='ltr'>comes</span> <span class='ocrx_word' id='word_1_362' title='bbox 2838 3709 2902 3771; x_wconf 89' lang='lat' dir='ltr'>et</span> <span class='ocrx_word' id='word_1_363' title='bbox 2943 3707 3178 3789; x_wconf 88' lang='lat' dir='ltr'>capita-</span> 
     </span>
     <span class='ocr_line' id='line_1_37' title="bbox 467 3795 1909 3875; baseline 0.001 -16"><span class='ocrx_word' id='word_1_364' title='bbox 467 3814 616 3861; x_wconf 90' lang='lat' dir='ltr'>neus</span> <span class='ocrx_word' id='word_1_365' title='bbox 665 3795 873 3861; x_wconf 86' lang='lat' dir='ltr'>Jadre.</span> <span class='ocrx_word' id='word_1_366' title='bbox 923 3796 1156 3860; x_wconf 92' lang='lat' dir='ltr'>Datum</span> <span class='ocrx_word' id='word_1_367' title='bbox 1204 3795 1413 3875; x_wconf 88' lang='lat' dir='ltr'>Jadre,</span> <span class='ocrx_word' id='word_1_368' title='bbox 1448 3796 1546 3860; x_wconf 89' lang='lat' dir='ltr'>die</span> <span class='ocrx_word' id='word_1_369' title='bbox 1592 3796 1714 3861; x_wconf 90' lang='lat' dir='ltr'>XX</span> <span class='ocrx_word' id='word_1_370' title='bbox 1750 3797 1909 3861; x_wconf 92' lang='lat' dir='ltr'>iulii.</span> 
     </span>
    </p>

    <p class='ocr_par' dir='ltr' id='par_1_11' title="bbox 550 3888 1981 3961">
     <span class='ocr_line' id='line_1_38' title="bbox 550 3888 1981 3961; baseline -0.001 -14"><span class='ocrx_word' id='word_1_371' title='bbox 550 3888 837 3947; x_wconf 75' lang='lat' dir='ltr'>Izvornik</span> <span class='ocrx_word' id='word_1_372' title='bbox 880 3905 965 3947; x_wconf 80' lang='lat' dir='ltr'>na</span> <span class='ocrx_word' id='word_1_373' title='bbox 998 3888 1232 3961; x_wconf 63' lang='lat' dir='ltr'>papia-u</span> <span class='ocrx_word' id='word_1_374' title='bbox 1272 3906 1314 3946; x_wconf 81' lang='lat' dir='ltr'>u</span> <span class='ocrx_word' id='word_1_375' title='bbox 1357 3888 1698 3948; x_wconf 69' lang='lat' dir='ltr'>mletalfkom</span> <span class='ocrx_word' id='word_1_376' title='bbox 1746 3889 1981 3947; x_wconf 79' lang='lat' dir='ltr'>arkivu.</span> 
     </span>
    </p>
   </div>
   <div class='ocr_carea' id='block_1_8' title="bbox 753 4054 2956 4179">
    <p class='ocr_par' dir='ltr' id='par_1_12' title="bbox 753 4054 2956 4179">
     <span class='ocr_line' id='line_1_39' title="bbox 753 4054 2956 4179; baseline -0.002 -18"><span class='ocrx_word' id='word_1_377' title='bbox 753 4078 1242 4162; x_wconf 82' lang='lat' dir='ltr'>ccccxvl.</span> <span class='ocrx_word' id='word_1_378' title='bbox 1323 4077 1530 4160; x_wconf 77' lang='lat' dir='ltr'>ooo.</span> <span class='ocrx_word' id='word_1_379' title='bbox 1584 4077 1807 4161; x_wconf 79' lang='grc'><strong>1355.</strong></span> <span class='ocrx_word' id='word_1_380' title='bbox 1862 4079 1906 4158; x_wconf 97' lang='grc'>1</span> <span class='ocrx_word' id='word_1_381' title='bbox 1948 4068 2243 4179; x_wconf 69' lang='lat' dir='ltr'>mna,</span> <span class='ocrx_word' id='word_1_382' title='bbox 2296 4096 2411 4158; x_wconf 80' lang='lat' dir='ltr'>na</span> <span class='ocrx_word' id='word_1_383' title='bbox 2465 4054 2956 4161; x_wconf 73' lang='lat' dir='ltr'>vrsokom.&#39;</span> 
     </span>
    </p>
   </div>
   <div class='ocr_carea' id='block_1_9' title="bbox 476 4202 3189 4367">
    <p class='ocr_par' dir='ltr' id='par_1_13' title="bbox 476 4202 3189 4367">
     <span class='ocr_line' id='line_1_40' title="bbox 476 4202 3189 4279; baseline -0 -14"><span class='ocrx_word' id='word_1_384' title='bbox 476 4207 727 4278; x_wconf 81' lang='lat' dir='ltr'>Tvrdk0,</span> <span class='ocrx_word' id='word_1_385' title='bbox 774 4208 1053 4267; x_wconf 71' lang='lat' dir='ltr'>bosamki</span> <span class='ocrx_word' id='word_1_386' title='bbox 1099 4207 1248 4275; x_wconf 82' lang='lat' dir='ltr'>ban,</span> <span class='ocrx_word' id='word_1_387' title='bbox 1283 4206 1631 4279; x_wconf 79' lang='lat' dir='ltr'>potrvdjuje</span> <span class='ocrx_word' id='word_1_388' title='bbox 1688 4205 2140 4264; x_wconf 65' lang='lat' dir='ltr'>Dubrovcanom</span> <span class='ocrx_word' id='word_1_389' title='bbox 2183 4222 2291 4263; x_wconf 83' lang='lat' dir='ltr'>sva</span> <span class='ocrx_word' id='word_1_390' title='bbox 2338 4221 2541 4276; x_wconf 77' lang='lat' dir='ltr'>prava</span> <span class='ocrx_word' id='word_1_391' title='bbox 2583 4202 2609 4260; x_wconf 79' lang='lat' dir='ltr'>i</span> <span class='ocrx_word' id='word_1_392' title='bbox 2649 4203 2966 4274; x_wconf 79' lang='lat' dir='ltr'>povlastice</span> <span class='ocrx_word' id='word_1_393' title='bbox 2984 4247 2998 4273; x_wconf 92' lang='lat'><strong><em>‚</em></strong></span> <span class='ocrx_word' id='word_1_394' title='bbox 3058 4204 3189 4278; x_wconf 71' lang='lat' dir='ltr'>hojo</span> 
     </span>
     <span class='ocr_line' id='line_1_41' title="bbox 1071 4292 2592 4367; baseline -0.003 -15"><span class='ocrx_word' id='word_1_395' title='bbox 1071 4295 1188 4367; x_wconf 77' lang='lat' dir='ltr'>jim</span> <span class='ocrx_word' id='word_1_396' title='bbox 1223 4294 1484 4366; x_wconf 72' lang='lat' dir='ltr'>podiolio</span> <span class='ocrx_word' id='word_1_397' title='bbox 1527 4294 1678 4367; x_wconf 60' lang='lat' dir='ltr'>bjese</span> <span class='ocrx_word' id='word_1_398' title='bbox 1722 4296 1928 4367; x_wconf 76' lang='lat' dir='ltr'>njeyov</span> <span class='ocrx_word' id='word_1_399' title='bbox 1970 4294 2115 4352; x_wconf 79' lang='lat' dir='ltr'>strio</span> <span class='ocrx_word' id='word_1_400' title='bbox 2161 4293 2279 4351; x_wconf 82' lang='lat' dir='ltr'>ban</span> <span class='ocrx_word' id='word_1_401' title='bbox 2324 4292 2592 4365; x_wconf 79' lang='lat' dir='ltr'>Stjepan-.</span> 
     </span>
    </p>
   </div>
   <div class='ocr_carea' id='block_1_10' title="bbox 467 4411 3283 4757">
    <p class='ocr_par' dir='ltr' id='par_1_14' title="bbox 467 4411 3283 4757">
     <span class='ocr_line' id='line_1_42' title="bbox 676 4411 3187 4495; baseline -0.001 -16"><span class='ocrx_word' id='word_1_402' title='bbox 676 4414 807 4480; x_wconf 88' lang='lat' dir='ltr'>Nos</span> <span class='ocrx_word' id='word_1_403' title='bbox 851 4413 1193 4478; x_wconf 83' lang='lat' dir='ltr'>Tvarctcho</span> <span class='ocrx_word' id='word_1_404' title='bbox 1238 4413 1336 4476; x_wconf 91' lang='lat' dir='ltr'>dei</span> <span class='ocrx_word' id='word_1_405' title='bbox 1384 4414 1595 4495; x_wconf 89' lang='lat' dir='ltr'>gracia</span> <span class='ocrx_word' id='word_1_406' title='bbox 1641 4414 1843 4477; x_wconf 87' lang='lat' dir='ltr'>Bozne</span> <span class='ocrx_word' id='word_1_407' title='bbox 1899 4412 2116 4477; x_wconf 76' lang='lat' dir='ltr'>banuS.</span> <span class='ocrx_word' id='word_1_408' title='bbox 2182 4411 2423 4476; x_wconf 88' lang='lat' dir='ltr'>Amicis</span> <span class='ocrx_word' id='word_1_409' title='bbox 2489 4411 2617 4476; x_wconf 94' lang='lat' dir='ltr'>suis</span> <span class='ocrx_word' id='word_1_410' title='bbox 2680 4411 2963 4476; x_wconf 89' lang='lat' dir='ltr'>fidelibus</span> <span class='ocrx_word' id='word_1_411' title='bbox 3011 4412 3187 4476; x_wconf 89' lang='lat' dir='ltr'>nobi-</span> 
     </span>
     <span class='ocr_line' id='line_1_43' title="bbox 468 4499 3184 4583; baseline -0.001 -16"><span class='ocrx_word' id='word_1_412' title='bbox 468 4503 628 4568; x_wconf 91' lang='lat' dir='ltr'>libus</span> <span class='ocrx_word' id='word_1_413' title='bbox 676 4505 741 4569; x_wconf 93' lang='lat' dir='ltr'>et</span> <span class='ocrx_word' id='word_1_414' title='bbox 784 4501 1218 4566; x_wconf 89' lang='lat' dir='ltr'>communitati</span> <span class='ocrx_word' id='word_1_415' title='bbox 1264 4500 1339 4564; x_wconf 92' lang='lat' dir='ltr'>de</span> <span class='ocrx_word' id='word_1_416' title='bbox 1389 4501 1642 4565; x_wconf 89' lang='lat' dir='ltr'>civitate</span> <span class='ocrx_word' id='word_1_417' title='bbox 1689 4499 2352 4583; x_wconf 85' lang='lat' dir='ltr'>Ragusiensifavorem</span> <span class='ocrx_word' id='word_1_418' title='bbox 2399 4502 2462 4564; x_wconf 87' lang='lat' dir='ltr'>et</span> <span class='ocrx_word' id='word_1_419' title='bbox 2486 4499 2765 4564; x_wconf 88' lang='lat' dir='ltr'>amicicie</span> <span class='ocrx_word' id='word_1_420' title='bbox 2810 4499 3184 4582; x_wconf 88' lang='lat' dir='ltr'>largitatem.</span> 
     </span>
     <span class='ocr_line' id='line_1_44' title="bbox 467 4587 3188 4671; baseline -0.001 -16"><span class='ocrx_word' id='word_1_421' title='bbox 467 4591 735 4655; x_wconf 86' lang='lat' dir='ltr'>Misistis</span> <span class='ocrx_word' id='word_1_422' title='bbox 784 4589 861 4654; x_wconf 87' lang='lat' dir='ltr'>ad</span> <span class='ocrx_word' id='word_1_423' title='bbox 923 4607 1033 4653; x_wconf 92' lang='lat' dir='ltr'>nos</span> <span class='ocrx_word' id='word_1_424' title='bbox 1094 4588 1329 4653; x_wconf 90' lang='lat' dir='ltr'>nobiles</span> <span class='ocrx_word' id='word_1_425' title='bbox 1393 4589 1556 4652; x_wconf 91' lang='lat' dir='ltr'>viros</span> <span class='ocrx_word' id='word_1_426' title='bbox 1612 4588 1929 4652; x_wconf 88' lang='lat' dir='ltr'>dominum</span> <span class='ocrx_word' id='word_1_427' title='bbox 1994 4587 2324 4671; x_wconf 83' lang='lat' dir='ltr'>Symonem</span> <span class='ocrx_word' id='word_1_428' title='bbox 2391 4588 2463 4652; x_wconf 91' lang='lat' dir='ltr'>de</span> <span class='ocrx_word' id='word_1_429' title='bbox 2511 4587 2688 4652; x_wconf 89' lang='lat' dir='ltr'>Resti</span> <span class='ocrx_word' id='word_1_430' title='bbox 2744 4588 2809 4650; x_wconf 91' lang='lat' dir='ltr'>et</span> <span class='ocrx_word' id='word_1_431' title='bbox 2870 4587 3188 4651; x_wconf 90' lang='lat' dir='ltr'>dominum</span> 
     </span>
     <span class='ocr_line' id='line_1_45' title="bbox 471 4674 3283 4757; baseline -0.001 -15"><span class='ocrx_word' id='word_1_432' title='bbox 471 4674 668 4743; x_wconf 83' lang='lat' dir='ltr'>Clima</span> <span class='ocrx_word' id='word_1_433' title='bbox 718 4678 790 4741; x_wconf 86' lang='lat' dir='ltr'>de</span> <span class='ocrx_word' id='word_1_434' title='bbox 845 4674 1038 4740; x_wconf 86' lang='lat' dir='ltr'>Dessa</span> <span class='ocrx_word' id='word_1_435' title='bbox 1103 4676 1336 4740; x_wconf 87' lang='lat' dir='ltr'>vestros</span> <span class='ocrx_word' id='word_1_436' title='bbox 1401 4675 1565 4740; x_wconf 90' lang='lat' dir='ltr'>cives</span> <span class='ocrx_word' id='word_1_437' title='bbox 1609 4674 1867 4739; x_wconf 88' lang='lat' dir='ltr'>dilectos</span> <span class='ocrx_word' id='word_1_438' title='bbox 1930 4694 2071 4740; x_wconf 90' lang='lat' dir='ltr'>cum</span> <span class='ocrx_word' id='word_1_439' title='bbox 2130 4674 2352 4739; x_wconf 88' lang='lat' dir='ltr'>vestris</span> <span class='ocrx_word' id='word_1_440' title='bbox 2399 4674 2852 4757; x_wconf 87' lang='lat' dir='ltr'>legacionibus:</span> <span class='ocrx_word' id='word_1_441' title='bbox 2902 4693 3056 4757; x_wconf 86' lang='lat' dir='ltr'>quas</span> <span class='ocrx_word' id='word_1_442' title='bbox 3104 4675 3188 4738; x_wconf 95' lang='lat' dir='ltr'>le-</span> <span class='ocrx_word' id='word_1_443' title='bbox 3262 4677 3283 4685; x_wconf 71' lang='grc'><strong>“</strong></span> 
     </span>
    </p>
   </div>
   <div class='ocr_carea' id='block_1_11' title="bbox 473 4761 3185 4904">
    <p class='ocr_par' dir='ltr' id='par_1_15' title="bbox 473 4761 3185 4904">
     <span class='ocr_line' id='line_1_46' title="bbox 473 4761 3185 4850; baseline -0.002 -20"><span class='ocrx_word' id='word_1_444' title='bbox 473 4766 762 4850; x_wconf 84' lang='lat' dir='ltr'>gaciones</span> <span class='ocrx_word' id='word_1_445' title='bbox 810 4766 873 4828; x_wconf 89' lang='lat' dir='ltr'>et</span> <span class='ocrx_word' id='word_1_446' title='bbox 908 4765 1116 4829; x_wconf 88' lang='lat' dir='ltr'>vestra</span> <span class='ocrx_word' id='word_1_447' title='bbox 1160 4763 1324 4842; x_wconf 90' lang='lat' dir='ltr'>vota,</span> <span class='ocrx_word' id='word_1_448' title='bbox 1375 4764 1559 4846; x_wconf 85' lang='lat' dir='ltr'>prout</span> <span class='ocrx_word' id='word_1_449' title='bbox 1601 4761 1911 4845; x_wconf 85' lang='lat' dir='ltr'>petivistis</span> <span class='ocrx_word' id='word_1_450' title='bbox 1958 4764 2022 4828; x_wconf 91' lang='lat' dir='ltr'>et</span> <span class='ocrx_word' id='word_1_451' title='bbox 2080 4761 2477 4827; x_wconf 89' lang='lat' dir='ltr'>desiderastis</span> <span class='ocrx_word' id='word_1_452' title='bbox 2538 4779 2611 4825; x_wconf 88' lang='lat' dir='ltr'>ac</span> <span class='ocrx_word' id='word_1_453' title='bbox 2671 4761 2849 4826; x_wconf 89' lang='lat' dir='ltr'>decet</span> <span class='ocrx_word' id='word_1_454' title='bbox 2909 4764 3185 4825; x_wconf 86' lang='lat' dir='ltr'>nostram</span> 
     </span>
     <span class='ocr_line' id='line_1_47' title="bbox 2842 4861 2903 4904; baseline 0 0"><span class='ocrx_word' id='word_1_455' title='bbox 2842 4861 2903 4904; x_wconf 62' lang='grc' dir='ltr'>ηε-</span> 
     </span>
    </p>
   </div>
  </div>
 </body>
</html>
