3620 5282
2951 343 3076 409 135

332 513 548 575 cedere
596 511 658 574 in
705 513 821 576 hac
871 514 1045 594 parte
1092 512 1168 576 ad
1217 513 1462 594 aliquod
1512 532 1663 595 opus
1711 515 1877 578 facti.
1932 515 1998 579 Si
2047 534 2189 580 vero
2237 515 2492 598 cognita
2539 517 2944 597 pronunciata
3013 521 3079 584 et

340 599 656 664 declarata
700 619 806 682 per
853 598 1164 681 prefatum
1210 599 1526 663 dominum
1577 601 1871 665 comitem
1922 621 2042 666 non
2089 601 2321 668 fuerint
2360 603 2691 668 observata
2740 608 2804 668 et
2836 609 2906 669 ut
2939 625 3073 687 pre-

340 686 612 750 mittitur
659 691 933 770 executa,
982 688 1131 751 tunc
1177 705 1426 770 presens
1471 706 1588 770 pax
1645 707 1751 770 per
1799 692 2036 771 partem
2096 708 2214 755 non
2277 691 2710 757 observantem
2774 692 3076 758 habeatur

342 792 444 855 pro
492 775 692 856 rupta.
2177 791 2180 794 ’

550 863 704 926 Item
749 859 1013 927 ulterius
1060 861 1179 925 iuit
1225 863 1436 926 actum
1485 861 1647 926 inter
1691 862 1894 927 dictas
1944 867 2170 945 partes,
2221 865 2381 946 quod
2427 866 2485 927 si
2533 884 2715 946 snper
2760 865 3071 949 aliquibus

341 950 644 1013 contentis
690 949 753 1012 in
802 969 951 1032 pace
994 949 1271 1031 predicta
1315 948 1530 1031 quevis
1573 951 1942 1028 obscuritaS,
1991 953 2292 1034 dubietas,
2342 950 2724 1035 ambiguitas
2770 954 2872 1017 vel
2927 972 3070 1018 con-

344 1035 628 1101 trarietas
675 1037 901 1119 aliqua,
951 1038 1109 1119 quod
1153 1037 1400 1101 avertat
1458 1037 1627 1113 deus,
1700 1038 1970 1103 oriretur
2031 1038 2192 1103 inter
2252 1041 2459 1121 partes
2525 1039 2802 1121 superius
2874 1044 3072 1105 nomi-

344 1124 518 1188 natas
560 1144 669 1189 seu
714 1124 986 1206 aliquam
1034 1126 1416 1201 earumdem,
1465 1126 1623 1206 quod
1676 1127 1837 1191 idem
1887 1125 2174 1190 dominus
2224 1126 2533 1192 Sabaudie
2579 1143 2786 1191 comes
2847 1129 3076 1194 habeat

346 1211 583 1292 plenam
632 1215 698 1276 et
743 1213 1002 1277 liberam
1050 1213 1427 1295 potestatem
1473 1210 1826 1277 declarandi
1876 1216 1941 1277 et
1986 1214 2431 1294 interpretandi
2476 1231 2660 1296 super
2730 1214 2878 1296 ipsis
2935 1235 3070 1280 am·

343 1299 768 1381 biguitatibus,
816 1299 1386 1377 contrarietatibus,
1433 1299 1920 1364 obscuritatibus
1967 1303 2033 1364 et
2078 1300 2283 1365 dubiis
2329 1300 2483 1364 ortis
2554 1303 2737 1382 prout
2798 1302 2918 1366 sibi
2980 1304 3072 1368 vi-

342 1385 587 1452 debitur
631 1387 998 1451 faciendum.

544 1473 960 1557 suprascripti
988 1475 1177 1539 etiam
1203 1475 1446 1552 sindici,
1494 1475 1756 1551 actoreS,
1808 1477 2249 1556 procuratores,
2297 1476 2726 1541 ambaxatores
2760 1476 2824 1541 et
2861 1478 3069 1541 nuncii

340 1561 634 1642 speciales
684 1563 903 1643 prefati
952 1562 1216 1628 illustris
1263 1561 1495 1625 domini
1559 1561 1753 1638 duciS,
1819 1561 2211 1626 consiliorum
2260 1567 2323 1627 et
2385 1564 2732 1627 communis
2776 1564 3067 1628 Venetia·

343 1667 474 1711 rum
523 1651 770 1714 nomine
817 1654 880 1714 et
925 1650 1057 1714 vice
1101 1649 1408 1714 dictorum
1455 1649 1700 1713 domini
1729 1650 1907 1713 ducis
1954 1653 2017 1713 et
2063 1649 2407 1714 communis
2453 1670 2526 1715 ex
2574 1669 2695 1715 una
2741 1653 2931 1733 parte,
3004 1653 3069 1714 et

346 1736 600 1816 predicti
648 1741 1091 1818 procuratoreS,
1139 1740 1398 1813 actoreS,
1447 1736 1687 1815 sindici,
1732 1737 2162 1802 ambaxatores
2208 1740 2273 1801 et
2317 1739 2525 1802 nuncii
2573 1737 2870 1820 speciales
2930 1756 3067 1819 pre·

339 1822 603 1889 fatorum
651 1827 1121 1908 magnificorum
1169 1825 1556 1889 dominorum
1599 1824 1832 1887 domini
1882 1824 2192 1888 Francisci
2260 1827 2335 1889 de
2373 1824 2660 1892 Carraria
2722 1824 3065 1907 imperialis

345 1911 555 1976 vicarii
603 1913 910 1995 generalis
962 1913 1171 1977 Padue
1216 1915 1334 1977 etc.
1383 1913 1447 1975 et
1492 1911 1720 1976 domini
1761 1911 2076 1976 Francisci
2123 1912 2378 1976 iunioris
2427 1913 2708 1995 generosi
2759 1917 2891 1976 eius
2937 1912 3066 1977 nati

342 2001 406 2062 et
450 1999 597 2065 dicti
645 2001 990 2064 communis
1039 2001 1240 2064 Padue
1290 1998 1532 2063 nomine
1578 1999 1644 2062 et
1690 1999 1822 2063 vice
1869 1998 2364 2081 supradictorum
2433 2000 2897 2083 magnificorum
2961 1999 3070 2063 do-

344 2087 651 2151 minorum
698 2091 764 2152 et
806 2087 959 2152 dicti
1006 2087 1352 2152 communis
1399 2107 1468 2151 ex
1513 2085 1728 2164 altera,
1780 2104 1889 2167 pro
1951 2106 2038 2162 se,
2104 2087 2376 2159 civitate,
2437 2087 2608 2165 locis,
2658 2088 2861 2164 terrie,
2920 2087 3060 2152 sub·

343 2174 490 2237 ditis
537 2174 667 2238 suis
715 2177 779 2239 et
824 2174 1129 2252 fidelibus,
1178 2174 1641 2250 adherentibus,
1691 2174 2057 2237 valitoribus
2102 2178 2164 2237 et
2209 2176 2573 2257 sequacibus
2610 2175 2881 2257 ipsarum
2929 2193 3067 2256 par-

341 2261 456 2324 tim
501 2265 567 2326 et
609 2262 946 2326 cuiuslibet
990 2281 1200 2326 earum
1250 2263 1688 2326 contraxerunt
1753 2263 1819 2324 et
1866 2262 2273 2326 firmaverunt
2332 2263 2452 2326 sibi
2515 2263 2778 2327 invicem
2852 2264 3067 2326 mutuo

339 2351 402 2410 et
449 2348 723 2414 vicissim
770 2353 834 2413 et
881 2351 1041 2414 inter
1087 2368 1153 2414 se
1201 2351 1423 2414 bonam
1466 2351 1529 2413 et
1574 2366 1783 2412 veram
1832 2368 2043 2428 pacem
2089 2350 2397 2431 dirigente
2463 2350 2715 2414 domino
2774 2350 3066 2432 perpetuo

335 2437 713 2502 duraturam.

546 2525 628 2589 Et
674 2527 869 2606 primo
915 2525 1032 2589 sibi
1080 2526 1314 2601 mutue,
1385 2522 1648 2588 invicem
1707 2527 1771 2589 et
1831 2522 2106 2589 vicissim
2170 2523 2544 2589 remiserunt
2606 2529 2671 2587 et
2732 2523 3062 2588 remittunt

338 2612 545 2677 omnia
588 2612 747 2691 odia,
798 2631 1100 2689 rancoreS,
1174 2613 1446 2690 iniurias,
1509 2611 1789 2687 offensaS,
1849 2612 2049 2690 cedeS,
2099 2611 2368 2690 vulnera,
2433 2613 2766 2694 captioneS,
2830 2612 3066 2694 raptae,

336 2699 599 2780 rapinas,
651 2701 949 2773 incendia,
998 2701 1325 2766 violentias
1368 2703 1432 2763 et
1475 2700 1602 2763 alia
1646 2719 2029 2784 quecumque
2088 2700 2357 2781 dampna
2421 2701 2549 2764 tam
2616 2700 2808 2765 realia
2878 2717 3062 2780 quam

338 2788 685 2868 personalia
731 2807 840 2870 per
886 2790 1082 2852 dictas
1129 2790 1336 2870 partes
1385 2787 1481 2852 vel
1526 2787 1764 2869 aliquos
1812 2788 2110 2851 subditos
2137 2786 2442 2851 dictarum
2494 2787 2763 2868 partium
2834 2786 2933 2850 vel
2974 2786 3068 2850 al-

337 2876 532 2939 terius
580 2895 792 2940 earum
838 2896 945 2941 seu
992 2876 1230 2958 aliquas
1277 2877 1493 2957 gentes
1538 2875 1636 2938 vel
1684 2875 2036 2956 singulares
2105 2892 2395 2955 personas
2463 2874 2739 2956 ipsarum
2817 2874 2912 2936 vel
2973 2872 3065 2938 al-

339 2963 638 3027 terutrius
680 2982 888 3028 earum
932 2983 1037 3027 seu
1083 2963 1472 3038 adherentes,
1520 2963 1875 3044 complices,
1923 2963 2218 3027 valitores
2270 2963 2361 3025 vel
2431 2979 2724 3043 sequaces
2786 2962 3061 3043 ipsarum

333 3049 605 3130 partium
654 3052 1002 3115 comuniter
1050 3051 1146 3115 vel
1193 3050 1445 3114 divisim
1491 3052 1705 3114 contra
1751 3049 2051 3132 reliquam
2100 3054 2362 3131 partem,
2413 3053 2633 3125 terras,
2705 3047 2855 3126 loca,
2921 3049 3068 3111 sub-

335 3137 513 3213 ditoS,
562 3139 799 3219 gentes,
851 3139 949 3203 vel
987 3138 1330 3219 singulares
1393 3156 1685 3218 personas
1750 3138 2019 3218 ipsarum
2080 3154 2188 3200 seu
2251 3136 2639 3213 adherenteS,
2703 3136 3060 3218 compliceS,

336 3224 628 3289 valitores
674 3226 770 3289 vel
802 3245 1096 3306 sequaces
1127 3225 1492 3289 alterutrius
1524 3224 1791 3306 partium
1831 3225 2400 3306 quomodocumque
2432 3225 2496 3287 et
2526 3223 3061 3305 qualitercumque

333 3312 530 3388 illata,
578 3312 728 3377 data
769 3332 877 3378 seu
921 3316 1082 3378 facta
1127 3313 1406 3389 fuissent,
1449 3314 1513 3376 et
1557 3330 1766 3376 omnes
1814 3331 2003 3394 penas
2050 3312 2114 3375 et
2176 3313 2494 3390 interesse,
2543 3313 2606 3374 in
2668 3310 2896 3392 quibus
2957 3329 3066 3392 per

333 3401 676 3481 presentem
724 3419 1010 3482 guerram
1060 3402 1155 3466 vel
1202 3400 1414 3481 aliqua
1459 3400 1603 3463 hinc
1650 3401 1817 3464 retro
1860 3401 2020 3463 inter
2065 3400 2261 3463 dictas
2308 3401 2516 3481 partes
2564 3398 2726 3463 facta
2765 3398 2864 3463 vel
2898 3416 3066 3462 com-

336 3487 526 3552 missa
570 3487 797 3552 fuisset
839 3489 1188 3552 incursum:
1239 3488 1532 3551 facientes
1580 3487 1699 3551 sibi
1747 3487 2009 3552 invicem
2057 3490 2121 3550 et
2168 3486 2443 3550 vicissim
2490 3486 2653 3551 dicte
2702 3487 2911 3568 partes
2955 3505 3065 3551 no-

336 3574 606 3639 minibus
674 3575 1005 3640 antedictis
1075 3576 1148 3638 de
1217 3575 1510 3656 predictis
1560 3575 1846 3639 omnibus
1906 3578 1969 3637 et
2029 3573 2294 3656 singulis
2339 3575 2545 3651 finem,
2593 3573 3061 3656 quietationem,

336 3664 758 3727 omnimodam
805 3663 1231 3727 liberationem
1272 3664 1336 3726 et
1381 3665 1627 3744 pactum
1675 3661 1752 3725 de
1799 3660 2059 3726 ulterius
2109 3680 2223 3726 non
2276 3662 2574 3742 petend0,
2640 3680 2751 3725 nec
2811 3679 2931 3725 non
2986 3661 3063 3726 de

335 3750 627 3831 predictis
675 3751 960 3814 omnibus
1007 3753 1070 3813 et
1116 3749 1382 3832 singulis
1424 3769 1528 3830 per
1567 3749 2107 3832 acceptilationem
2156 3751 2218 3812 et
2261 3749 2637 3830 aquilianam
2706 3748 3062 3831 stipulatio-

335 3857 474 3901 nem
523 3839 726 3902 verbis
771 3838 1154 3903 solemnibus
1202 3841 1265 3901 et
1310 3837 1615 3919 legitimis
1660 3837 2055 3918 interpositas
2103 3836 2372 3918 plenarie
2415 3856 2550 3899 sese
2597 3834 2860 3899 invicem
2905 3835 3062 3900 libe-

337 3926 543 4003 rando,
594 3926 714 3989 sibi
762 3928 979 3990 mutuo
1026 3928 1092 3989 et
1139 3925 1411 3989 vicissim
1460 3925 1867 4006 promitentes
1917 3925 2139 3988 bonam
2186 3925 2250 3987 et
2274 3942 2483 3988 veram
2517 3942 2730 4004 pacem
2763 3921 3063 4004 predictis

337 4030 450 4075 non
500 4014 892 4078 obstantibus
941 4016 1232 4095 perpetuo
1274 4013 1630 4086 observare,
1691 4012 1755 4076 et
1815 4013 1973 4093 quod
2031 4011 2455 4076 occasionibus
2518 4009 2888 4091 supradictis
2950 4028 3062 4073 uec

337 4098 546 4181 aliqua
591 4119 804 4164 earum
854 4101 1023 4165 nulla
1071 4100 1131 4163 in
1182 4101 1547 4182 perpetuum
1593 4097 1692 4175 lis',
1741 4117 1949 4174 causa,
1999 4098 2308 4174 molestia,
2358 4097 2776 4161 controversia
2818 4097 2914 4161 vel
2966 4115 3064 4161 re-

334 4186 585 4266 quisitio
635 4188 740 4251 fiet
785 4188 882 4252 vel
931 4188 1277 4253 movebitur
1323 4205 1431 4269 per
1480 4205 1660 4251 unam
1712 4190 1953 4268 partem
2002 4187 2213 4250 contra
2258 4185 2450 4249 aliam
2522 4183 2615 4248 vel
2676 4203 2784 4266 per
2843 4184 3064 4267 singu-

335 4271 494 4337 lares
540 4293 828 4355 personas
879 4276 1058 4340 unius
1107 4275 1300 4356 partis
1347 4275 1557 4338 contra
1603 4275 1793 4337 aliam
1841 4273 1937 4338 vel
1987 4274 2198 4337 contra
2242 4272 2590 4355 singulares
2629 4288 2926 4353 personas
2972 4271 3064 4336 al-

331 4360 523 4425 terius
571 4362 787 4444 partis,
836 4363 1184 4443 complices,
1234 4362 1618 4437 adherenteS,
1666 4359 1980 4438 valitoreS,
2031 4362 2130 4426 vel
2155 4378 2447 4443 sequaces
2481 4359 2756 4442 ipsarum
2789 4358 3061 4441 partium

337 4448 433 4512 vel
481 4449 735 4513 alterius
782 4468 1016 4526 earum,
1070 4450 1133 4515 in
1174 4449 1400 4514 indicio
1447 4448 1543 4513 vel
1591 4450 1785 4525 extra,
1832 4451 1963 4512 tarn
2006 4449 2079 4513 de
2124 4447 2258 4512 iure
2305 4466 2491 4530 quam
2535 4448 2609 4511 de
2654 4446 2841 4511 facto.

544 4536 706 4601 Item
774 4536 895 4601 fuit
962 4541 1172 4602 actum
1221 4539 1385 4602 inter
1432 4536 1628 4601 dictas
1676 4538 1907 4616 partes,
1956 4534 2116 4617 quod
2163 4553 2375 4599 omnes
2420 4536 2485 4599 et
2520 4533 2753 4615 singuli
2807 4532 3061 4616 captivi,

333 4625 633 4687 carcerati
681 4625 745 4687 et
788 4625 1021 4688 detenti
1072 4626 1342 4706 partium
1390 4623 1806 4705 predictarum
1854 4624 1919 4686 et
1964 4623 2295 4687 cuiuslibet
2327 4640 2537 4686 earum
2572 4640 2641 4687 ac
2673 4620 3059 4686 subditorum

329 4709 625 4791 ipsarum,
679 4710 1047 4795 ubicumque
1093 4712 1222 4776 sint
1265 4716 1329 4775 et
1382 4730 1569 4793 penes
1631 4729 2083 4792 quemcumque
2143 4710 2311 4791 capti
2372 4708 2470 4774 vel
2517 4710 2753 4773 detenti
2813 4708 2942 4773 sint
3001 4709 3066 4771 et
