3620 5282
480 402 608 468 298

692 578 924 661 Capta:
974 581 1153 661 quod,
1204 580 1365 663 quod
1413 580 1513 644 1110
1559 579 1821 644 debebat
1866 580 2093 645 armari
2159 598 2268 662 pro
2316 578 2620 643 mittendo
2679 578 2745 642 in
2794 578 3209 654 Sclaveniam,

488 668 792 732 furniatur
840 668 913 730 de
961 667 1088 732 illis
1136 668 1507 745 hominibus,
1548 669 1653 749 qui
1702 667 1913 731 haberi
1972 670 2263 750 poterunt
2312 666 2433 744 hic,
2484 669 2547 730 et
2594 666 2885 731 mittatur
2929 665 3211 744 Jadram,

486 756 586 818 ubi
636 754 858 820 melius
906 756 1273 832 armabitur,
1323 755 1674 832 ordinando,
1726 757 1881 837 quod
1933 755 2147 819 statim
2211 755 2299 819 ibi
2364 755 2644 818 armetur
2691 757 2755 818 et
2801 755 3086 818 mittatur
3133 753 3212 818 ad

492 844 696 926 partes
724 841 961 925 Spaleti
1013 846 1074 907 et
1122 843 1384 907 aliarum
1413 847 1716 907 terrarum
1747 847 2119 920 nostrarum,
2155 843 2259 906 ubi
2290 842 2489 925 magis
2524 842 2841 906 videbitur
2873 860 3026 925 opus
3058 861 3213 906 esse.

570 934 750 991 Misti
801 934 1079 993 XXVII.
1127 936 1227 1005 51,
1275 952 1318 990 u
1363 935 1578 992 arkivu
1624 935 1982 993 mletackom.

752 1119 1227 1203 CCCCXLI.
1266 1122 1473 1205 God„
1527 1122 1749 1206 1355.
1804 1122 1909 1205 28
1963 1121 2395 1223 prosince,
2446 1145 2505 1204 0
2559 1121 2951 1204 Mletclh.

491 1247 820 1321 Odpravb‘a
863 1266 925 1307 se
970 1266 1011 1306 u
1053 1236 1292 1307 sibenik
1338 1249 1525 1322 'vesto
1573 1249 1739 1318 boine
1784 1266 1998 1321 sprave
2039 1266 2113 1307 za
2158 1248 2458 1320 Skradin3
2519 1266 2557 1306 a
2623 1247 2834 1307 nalaie
2893 1265 2955 1306 se
3017 1248 3210 1306 nacol-

488 1338 637 1395 niku
683 1337 1153 1403 domobranstva‚
1200 1336 1280 1394 da
1328 1353 1388 1395 se
1435 1338 1615 1394 amah
1673 1338 1849 1409 κρατί
1903 1354 1942 1394 u
1990 1336 2371 1411 Dalmace'u,
2436 1342 2489 1396 te
2550 1354 2651 1394 mu
2695 1353 2758 1394 se
2801 1338 3074 1408 napatak
3105 1352 3215 1408 po-

1728 1424 1985 1497 dieb'tv‘e.
2538 1415 2548 1428 '

706 1544 888 1608 1355.
938 1543 1035 1607 die
1083 1543 1359 1609 XXVIII
1404 1545 1762 1610 decembris
1819 1544 2143 1627 Sapientes
2177 1543 2517 1608 Sclavenie.
2566 1541 2798 1626 Capta:
2850 1542 3011 1625 quod
3061 1543 3205 1606 mit-

500 1635 711 1698 tantur
757 1632 1146 1715 infrascripta
1194 1652 1313 1706 res,
1357 1652 1504 1717 quas
1554 1649 1759 1697 comes
1806 1635 2017 1697 noster
2064 1631 2332 1697 Sibenici
2396 1635 2460 1695 et
2522 1632 2797 1715 provisor
2860 1634 3067 1696 noster
3113 1649 3210 1694 ser

497 1721 801 1803 Mapheus
848 1718 1193 1784 contareno
1236 1719 1541 1785 instanter
1588 1723 1842 1802 petunt,
1893 1739 1998 1803 pro
2060 1720 2362 1785 mittendo
2409 1738 2513 1784 eas
2561 1718 2968 1795 Scardonam,
3045 1717 3214 1783 vide-

488 1809 674 1874 licet:
724 1808 969 1872 tabulas
1008 1808 1080 1870 de
1128 1809 1335 1891 tayola
1383 1807 1471 1872 M.
1520 1807 1920 1872 trabessellas
1964 1806 2096 1881 CC;
2162 1807 2313 1873 item
2380 1806 2584 1873 claves
2646 1825 2895 1871 mezane
2943 1804 3009 1871 C.
3061 1807 3212 1869 item

488 1897 798 1962 clavorum
854 1896 1106 1959 barinos
1143 1896 1256 1973 Ι1Ι,
1306 1894 1594 1961 videlicet
1641 1896 1793 1959 duos
1841 1897 1916 1960 de
1962 1896 2264 1960 sexcentis
2315 1896 2380 1960 et
2426 1915 2615 1960 unum
2643 1894 2717 1958 de
2766 1913 3003 1959 sexena.
3052 1895 3211 1958 ltem

487 1984 739 2049 balliste
786 2003 821 2046 a
861 1986 1039 2047 turno
1082 1984 1144 2047 II
1190 2003 1330 2047 cum
1381 1984 1803 2062 veretonibuS,
1873 1984 2024 2048 item
2089 1984 2339 2048 balliste
2410 1985 2489 2049 ab
2538 2001 2655 2047 uno
2702 1983 2853 2066 pede
2902 1982 3000 2060 X.,
3060 1982 3211 2046 item

488 2091 669 2156 capse
720 2073 1145 2135 vetetenorum
1197 2070 1304 2148 IV,
1354 2071 1505 2135 item
1551 2072 1831 2155 pavesios
1878 2071 2016 2135 XX.

694 2160 856 2224 Item
908 2157 1304 2240 provideatur
1352 2159 1425 2223 de
1474 2159 1776 2223 mittendo
1825 2160 2148 2242 pecuniam
2195 2177 2305 2243 pro
2376 2160 2685 2224 solucione
2737 2158 3048 2235 banderie,
3096 2175 3214 2240 que

486 2252 581 2313 est
626 2248 688 2313 in
738 2246 1068 2323 Scardona,
1119 2264 1227 2327 pro
1273 2246 1589 2311 mensibus
1637 2247 1861 2311 tribus.
1912 2247 1994 2311 Et
2040 2247 2101 2311 in
2150 2251 2451 2330 quantum
2516 2247 2646 2311 fieri
2714 2247 2914 2330 potest
2976 2243 3212 2310 sollici-

428 2334 435 2339 ’
487 2339 654 2402 tetur
701 2351 1012 2399 recessum
1046 2335 1353 2416 capitanei
1395 2336 1583 2398 nostri
1632 2335 2011 2418 paysenatici
2047 2333 2388 2409 Sclavonie,
2440 2336 2511 2398 ut
2553 2336 2683 2418 ipse
2716 2334 2999 2399 reccedat
3030 2351 3200 2398 omni

486 2423 799 2489 occasione
849 2426 1087 2485 remota
1134 2421 1210 2485 ad
1260 2422 1594 2487 terminum
1644 2422 1993 2486 ordinatum
2040 2425 2103 2487 et
2148 2442 2289 2489 cum
2337 2423 2811 2500 conditionibuS,
2877 2440 3016 2486 curn
3071 2420 3212 2503 qui-

486 2514 599 2576 bus
641 2510 893 2593 captum
943 2513 1071 2586 est,
1136 2510 1199 2572 et
1244 2510 1636 2591 provideatur
1691 2510 1765 2572 de
1825 2511 2177 2593 accipiendo
2224 2529 2411 2593 quam
2460 2511 2768 2575 solicicius
2832 2509 2961 2574 fieri
3010 2511 3216 2591 potest

486 2601 704 2685 gentes
780 2596 1097 2662 ordinatas
1170 2598 1407 2682 accipi,
1485 2598 1970 2681 informeturque
2046 2599 2400 2682 capitaneus
2472 2600 2680 2664 noster
2752 2598 3063 2683 predictus
3140 2595 3215 2660 de

489 2689 645 2765 hiis,
711 2705 829 2770 que
893 2686 1067 2749 nobis
1140 2687 1447 2750 miserunt
1514 2687 1797 2751 dicendo·
1842 2689 2111 2752 rectores
2161 2690 2224 2752 et
2272 2689 2618 2772 provisores
2680 2687 2875 2751 nostri
2939 2683 3213 2768 partium

379 2781 419 2824 a·
490 2773 833 2851 Sclavenie,
882 2773 1169 2838 videlicet
1214 2775 1342 2838 tam
1392 2794 1572 2857 super
1621 2775 1778 2839 frcto
1828 2776 2129 2840 tractandi
2194 2777 2269 2839 de
2317 2775 2592 2840 faciendo
2657 2774 2955 2839 removeri
3002 2773 3067 2837 et
3115 2791 3210 2834 re-

490 2865 699 2927 cedere
747 2863 1080 2927 exercitum
1127 2863 1566 2946 Hungarorum
1617 2865 1680 2926 et
1727 2863 2104 2940 Sclavorum,
2156 2863 2259 2944 qui
2309 2864 2408 2928 est
2453 2863 2513 2926 in
2565 2865 2757 2943 burgo
2806 2858 3014 2925 Clissii
3063 2877 3206 2923 cum

489 2950 896 3034 promissione
945 2950 1222 3032 pecunie,
1272 2969 1454 3032 quam
1505 2951 1695 3014 etiam
1748 2953 1820 3014 de
1871 2952 2192 3015 tractando
2237 2949 2928 3035 cumillis'Ciprianicis
2975 2950 3038 3012 et
3070 2945 3212 3011 aliis

346 3075 377 3094 κ
494 3037 732 3103 Sclavis
780 3038 1073 3114 contrate,
1122 3039 1224 3119 qui
1271 3038 1653 3103 hostendunt
1699 3059 1763 3102 se
1798 3038 2086 3121 dispositi
2134 3043 2198 3102 et
2244 3038 2556 3103 affectuosi
2608 3037 2889 3104 veniendi
2952 3035 3028 3101 ad
3076 3052 3217 3117 gra-

495 3127 647 3189 tiam
698 3127 977 3188 nostram
1026 3126 1139 3188 etc.
1190 3124 1273 3188 Et
1320 3128 1642 3209 propterea
1688 3127 1805 3208 ipsi
1850 3126 2175 3209 capitaneo
2202 3128 2619 3204 commitatur,
2668 3123 2848 3211 quod,
2898 3123 3208 3206 applicato

352 3276 373 3288 ,,
493 3213 627 3295 ipso
675 3212 752 3274 ad
800 3214 1007 3291 partes
1057 3211 1394 3290 Sclavonie,
1445 3213 1765 3295 provideat
1819 3216 2089 3278 tractare
2136 3234 2244 3296 per
2311 3214 2486 3278 illum
2547 3215 2865 3279 meliorem
2915 3213 2978 3275 et
3023 3209 3221 3275 cauci-

498 3318 669 3363 orem
718 3297 989 3377 modum,
1039 3299 1141 3380 qui
1191 3318 1297 3362 sue
1344 3299 1665 3381 prudentie
1712 3301 2035 3383 apparebit
2080 3304 2210 3366 tam
2259 3320 2396 3366 cum
2426 3302 2581 3367 bano
2631 3321 2815 3384 quam
2855 3300 3042 3364 etiam
3080 3315 3223 3362 cum
3313 3367 3322 3373 „

498 3386 728 3451 comite
775 3384 1057 3450 ‚Iohanne
1107 3388 1170 3450 et
1214 3387 1354 3451 aliis
1403 3389 1695 3469 personis,
1748 3406 1864 3470 que
1913 3388 2029 3452 sibi
2080 3388 2468 3465 viderentur,
2522 3392 2590 3454 ut
2636 3389 2871 3454 faciant
2924 3384 3221 3451 removeri

496 3478 560 3538 et
615 3472 897 3539 recedere
946 3473 1275 3537 exercitum
1328 3476 1668 3556 predictum
1718 3474 1794 3540 de
1836 3474 2058 3540 Clissia
2105 3477 2193 3541 ita
2224 3478 2286 3540 et
2317 3477 2548 3551 taliter,
2600 3478 2760 3561 quod
2808 3477 3009 3540 dictus
3053 3470 3224 3536 locus

506 3561 718 3628 Clissii
766 3563 1088 3624 remaneat
1133 3561 1285 3626 bene
1334 3581 1582 3627 securus
1630 3563 1706 3626 ab
1755 3563 1862 3641 eiS,
1914 3566 1977 3627 et
2022 3563 2219 3646 possit
2265 3566 2536 3630 finaliter
2586 3585 2693 3648 pro
2731 3566 2844 3629 1100
2892 3560 3225 3627 obtinendo

506 3670 647 3714 cum
697 3649 919 3713 effectu
966 3649 1326 3729 promittere
1374 3650 1501 3714 illis
1548 3651 1842 3732 personiS,
1909 3651 2009 3733 qui
2058 3652 2173 3716 sibi
2228 3653 2615 3730 videbuntur,
2683 3655 2752 3718 ut
2820 3651 3056 3715 dictum
3105 3651 3221 3722 est,

501 3758 691 3821 usque
739 3738 812 3803 ad
862 3735 1052 3799 libras
1094 3737 1153 3801 X
1204 3737 1377 3800 mille
1424 3755 1777 3820 parvorum.
1831 3740 2058 3803 Verum
2125 3742 2453 3822 antequam
2513 3741 2700 3804 faciat
2755 3736 3224 3821 promissionem

502 3827 845 3909 predictam
896 3842 1003 3905 per
1051 3825 1230 3889 illum
1282 3827 1560 3889 dextrum
1613 3829 1881 3903 modum,
1933 3827 2034 3909 qui
2087 3827 2202 3891 sibi
2254 3828 2469 3893 melior
2516 3828 2874 3911 apparebit,
2942 3827 3227 3908 procuret

500 3919 634 3979 toto
684 3931 862 3998 posse
912 3931 1017 3975 seu
1065 3915 1375 3996 procurari
1427 3914 1615 3977 faciat
1660 3934 1798 3978 cum
1838 3916 1947 3978 illo
1997 3915 2331 3990 Palman0,
2382 3913 2486 3998 qui
2549 3920 2643 3980 est
2690 3935 2798 3999 pro
2846 3933 2985 3998 rege
3036 3909 3226 3976 Raxie

495 4003 556 4066 in
605 4005 810 4066 castro
859 3997 1088 4077 Clissii,
1136 4001 1296 4084 quod
1348 4002 1410 4065 in
1458 4020 1626 4079 casu,
1678 4022 1795 4084 quo
1844 4002 2004 4066 idem
2056 4004 2409 4084 capitaneus
2459 4006 2668 4069 noster
2699 4003 2976 4068 obtinere
3022 3998 3226 4063 valeat

499 4089 580 4166 id,
630 4092 785 4172 quod
837 4088 1115 4169 superius
1161 4090 1394 4153 dictum
1445 4093 1559 4165 est,
1611 4089 1852 4153 scilicet
1893 4090 1968 4154 de
2015 4090 2294 4155 faciendo
2347 4094 2664 4156 reccedere
2713 4091 2947 4155 dictum
2997 4085 3228 4151 exerci-

499 4179 632 4240 tum
685 4197 824 4241 cum
872 4177 1279 4257 promissione
1327 4179 1581 4259 pecunie
1629 4197 1738 4259 pro
1789 4178 2163 4242 liberacione
2210 4180 2419 4255 castri,
2467 4180 2597 4262 ipse
2644 4178 2929 4243 dominus
2964 4174 3214 4239 Palma-

494 4281 607 4325 nus
650 4265 869 4329 offerat
920 4267 983 4328 et
1030 4266 1356 4347 promittat
1396 4264 1541 4328 dare
1589 4268 1652 4328 et
1696 4265 2059 4348 consignare
2105 4265 2296 4329 libere
2342 4266 2407 4330 in
2471 4266 2758 4331 manibus
2817 4265 3012 4347 ipsius
3059 4262 3229 4344 capi-

499 4351 666 4414 tanei
714 4359 908 4421 nostri
961 4355 1206 4420 nomine
1259 4355 1466 4416 nostro
1513 4355 1784 4417 castrum
1835 4352 2177 4435 predictum
2207 4352 2428 4418 Clissie
2461 4349 2598 4417 cum
2649 4353 3015 4428 conditione,
3064 4348 3227 4433 quod

502 4438 869 4507 restituente
918 4444 1096 4508 nobis
1141 4440 1385 4505 domino
1429 4458 1571 4523 rege
1619 4440 1812 4504 Raxie
1874 4442 2193 4523 pecuniam
2243 4441 2607 4522 predictam,
2659 4442 3058 4506 restituemus
3103 4437 3221 4502 sibi

497 4526 769 4590 castrum
843 4531 1209 4612 predictum.
1288 4527 1482 4609 Super
1550 4529 1714 4593 facto
1784 4545 1928 4593 vero
1989 4527 2236 4591 illorum
2307 4527 2795 4611 Ciprianicorum
2859 4531 2923 4592 et
2969 4526 3231 4591 aliorum

398 4648 427 4666 -.
500 4608 856 4680 Sclavorum
880 4666 895 4693 ,
966 4618 1064 4700 qui
1115 4618 1420 4693 dicuntur,
1481 4616 1642 4698 quod
1691 4616 1956 4680 libenter
1997 4615 2364 4679 adhererent
2418 4616 2592 4681 nobis
2636 4619 2751 4681 etc.
2805 4615 3233 4680 committatur

496 4696 662 4764 dicto
725 4703 1066 4784 capitane0,
1128 4706 1286 4785 quod
1343 4721 1448 4784 per
1502 4703 1680 4768 illum
1737 4703 2050 4768 meliorem
2102 4702 2370 4781 modum,
2419 4704 2522 4786 qui
2572 4703 2688 4767 sibi
2737 4702 3065 4777 videbitur,
3128 4700 3237 4764 det

496 4803 743 4870 operam
790 4790 863 4854 de
937 4789 1333 4853 conferi-endo
1385 4809 1525 4855 cum
1570 4792 1657 4855 eis
1704 4795 1767 4854 et
1813 4791 1981 4873 ipsos
2038 4788 2254 4853 audiat
2298 4793 2364 4855 et
2409 4790 2620 4856 trahat
2670 4790 2751 4854 ab
2803 4790 2893 4854 eis
2945 4787 3234 4871 quicquid
