3620 5282
3037 383 3162 447 123

539 605 550 614 ⁴
637 558 710 622 In
757 556 977 640 primis
1017 576 1282 639 namque
1351 557 1577 641 prefati
1644 558 1959 622 reverendi
2011 558 2073 621 in
2121 557 2351 621 christo
2416 556 2620 638 patres
2690 554 2923 620 domini
2986 559 3164 640 quin-

434 645 935 727 queecclesiensis
982 650 1046 709 et
1092 647 1510 728 zagrabiensis
1574 645 1857 727 episcopi,
1907 665 2046 708 cum
2095 646 2337 728 quibus,
2416 648 2485 708 ut
2530 662 2735 726 supra,
2787 646 2921 708 erat
2967 646 3163 709 domi-

435 752 547 796 nus
594 732 907 797 Johannes
959 733 1262 800 Dominici
1310 737 1381 797 de
1432 734 1680 808 Postoh,
1745 732 2099 797 nominibus
2146 734 2369 813 quibus
2417 750 2604 814 supra
2666 751 2736 795 ex
2787 736 3162 812 parte·una;

432 822 496 884 et
564 820 782 902 prefati
851 821 1083 884 domini
1146 821 1470 885 Zacharias
1539 820 1900 897 CentarenO,
1973 820 2285 884 Johannes
2339 820 2708 896 Gradoni00,
2778 824 2843 883 et
2897 820 3163 885 Michael

434 909 824 985 MaurocenO,
876 910 1224 973 nominibus
1274 910 1496 990 quibus
1544 928 1728 990 supra
1798 928 1870 971 ex
1917 909 2135 986 altera,
2184 909 2300 973 sibi
2349 910 2610 972 invicem
2684 913 2899 972 mutuo
2966 913 3031 973 et
3074 909 3166 972 vi·

430 997 641 1060 cissim
721 997 1090 1061 remiserunt
1155 1016 1368 1061 omnes
1425 996 1705 1079 injuriaS,
1758 1014 2062 1065 rancores,
2120 996 2279 1072 odia,
2343 997 2619 1082 offensaS,
2685 997 2986 1075 incendia,
3058 997 3165 1059 ho-

433 1085 700 1159 micidia,
752 1084 935 1162 furta,
986 1085 1251 1167 rapinae,
1321 1086 1514 1158 cedes,
1566 1087 1798 1166 predas,
1868 1086 1932 1148 et
1989 1085 2113 1147 alia
2181 1103 2562 1166 quecumque
2620 1084 2685 1147 et
2751 1085 3164 1165 cuiuscunque

433 1172 674 1254 generis
723 1172 1104 1248 offensiones,
1151 1173 1378 1236 damna
1426 1172 1616 1236 realia
1663 1175 1727 1237 et
1773 1172 2133 1254 personalia,
2183 1172 2393 1235 illatas
2448 1179 2511 1236 et
2575 1171 2752 1236 illata
2812 1191 2918 1252 per
2979 1190 3163 1236 unam

429 1260 700 1341 ipsarum
752 1263 1018 1341 partium
1068 1263 1280 1324 contra
1328 1260 1515 1325 aliam
1576 1281 1680 1324 seu
1731 1261 2016 1336 alteram,
2090 1261 2310 1323 contra
2382 1260 2701 1342 reliquam,
2773 1278 2881 1323 seu
2944 1262 3163 1336 terras,

428 1347 882 1425 universitates,
924 1350 1160 1429 gentes,
1208 1347 1514 1424 subditOS,
1559 1368 1665 1412 seu
1699 1347 2045 1429 singulares
2079 1365 2390 1430 personaS,
2439 1347 2824 1424 adherenteS,
2870 1348 3164 1411 valitores

429 1438 494 1499 et
535 1454 821 1517 sequaces
871 1438 1142 1518 ipsarum
1195 1439 1462 1517 partium
1514 1442 1576 1498 et
1645 1436 1977 1500 cuiuslibet
2039 1454 2270 1512 earum,
2324 1454 2430 1499 seu
2481 1434 2646 1498 inter
2708 1453 2830 1508 eas,
2882 1454 2987 1516 per
3037 1453 3161 1512 eas,

429 1522 527 1587 vel
573 1525 785 1587 contra
833 1543 951 1594 eas,
998 1526 1125 1587 toto
1175 1531 1447 1606 tempore
1497 1526 1785 1607 preterito
1834 1542 2022 1605 usque
2071 1525 2133 1587 in
2179 1523 2344 1586 diem
2387 1524 2759 1604 presentem,
2832 1526 2894 1587 et
2951 1541 3166 1587 omnes

429 1629 615 1692 penas
664 1613 727 1673 et
774 1613 1092 1687 interesse,
1145 1614 1203 1676 in
1253 1613 1473 1694 quibus
1523 1632 1630 1693 per
1678 1614 2026 1692 presentem
2076 1630 2384 1694 guerram,
2438 1610 2532 1674 vel
2580 1610 2790 1691 aliqua
2823 1610 2965 1673 hinc
2998 1613 3164 1674 retro

429 1700 589 1763 inter
634 1698 835 1763 dictas
886 1703 1092 1781 partes
1142 1702 1305 1763 sacta
1355 1700 1451 1764 vel
1502 1701 1831 1764 commissa
1878 1699 2121 1776 fuisset,
2169 1699 2233 1762 in
2284 1717 2549 1762 cursum.
2626 1698 2949 1762 Facientes
3004 1699 3166 1762 dicte

429 1791 635 1869 partes
697 1787 880 1851 dictis
953 1788 1306 1852 nominibus
1376 1789 1448 1851 de
1518 1787 1812 1869 predictis
1882 1787 2167 1852 omnibus
2209 1788 2274 1850 et
2319 1786 2580 1869 singulis
2630 1785 2746 1848 sibi
2792 1786 3056 1850 invicem
3103 1788 3168 1850 et

429 1876 699 1940 vicissim
751 1875 955 1952 finem,
1006 1876 1474 1957 quietationem,
1522 1875 1938 1939 omnimodam
1986 1875 2444 1938 libertationem
2517 1874 2582 1937 et
2644 1875 2890 1955 pactum
2954 1875 3025 1936 de
3073 1873 3166 1936 ul-

431 1964 625 2027 terius
673 1981 792 2026 non
839 1964 1136 2044 petend03
1186 1983 1254 2027 ac
1303 1984 1368 2026 se
1418 1964 1679 2027 invicem
1732 1964 1795 2025 et
1843 1965 2059 2026 mutuo
2106 1962 2443 2027 liberantes
2480 1981 2586 2043 per
2630 1960 3164 2043 acceptilationem

430 2055 492 2113 et
557 2050 970 2133 acquilianam
1031 2052 1516 2134 stipulationem,
1584 2053 1788 2114 verbis
1852 2050 2209 2114 solennibus
2272 2052 2335 2114 et
2396 2049 2700 2132 legitimis
2747 2050 3165 2130 interpositas.

433 2139 878 2202 Promittentes
924 2139 1042 2202 sibi
1092 2141 1352 2203 invicem
1404 2142 1465 2202 et
1513 2137 1806 2212 vicissim,
1855 2138 2010 2220 quod
2062 2137 2488 2202 occasionibus
2551 2137 2928 2219 supradictis
2992 2137 3166 2200 nulla

428 2227 881 2308 imperpetuum
933 2227 1034 2301 lix,
1084 2246 1290 2303 causa,
1343 2227 1645 2305 molestia,
1685 2226 2106 2290 controversia
2154 2225 2249 2290 vel
2318 2224 2635 2308 requisitio
2700 2226 2806 2289 fiet
2870 2225 2968 2289 vel
3034 2243 3166 2288 mo-

427 2314 669 2379 vebitur
717 2334 822 2396 per
867 2315 1137 2397 aliquam
1188 2315 1459 2396 ipsarum
1509 2314 1804 2415 partium,
1852 2315 2069 2388 terraS,
2115 2313 2575 2387 universitateS,
2647 2316 2884 2394 genteS,
2954 2312 3168 2376 subdi-

427 2403 523 2465 tos
570 2423 676 2467 seu
725 2401 1068 2485 singulares
1119 2422 1403 2484 personas
1457 2403 1739 2466 subditas
1790 2403 2061 2483 ipsarum
2110 2403 2406 2483 partium,
2456 2404 2669 2464 contra
2716 2402 2981 2465 alteram
3022 2418 3166 2482 par·
3259 2470 3262 2472 Α

429 2491 575 2567 tem,
625 2493 844 2576 terrae,
894 2492 1352 2563 universitates,
1404 2503 1641 2572 genteS‚
1692 2488 1977 2555 subditos
2028 2509 2136 2554 seu
2186 2490 2530 2571 singulares
2563 2507 2848 2569 personas
2884 2488 3167 2552 subditas

427 2570 721 2660 ipsarum*
728 2581 844 2641 sien
895 2578 1258 2644 adherentes
1301 2581 1366 2644 et
1411 2598 1704 2663 sequaces
1751 2579 2023 2661 ipsarum
2075 2578 2371 2660 partium,
2441 2577 2536 2639 vel
2605 2576 2863 2640 alicuius
2930 2595 3164 2653 earum,

429 2666 491 2729 in
533 2667 763 2731 iudicio
813 2666 909 2737 vel
956 2668 1147 2742 extra,
1219 2670 1294 2731 de
1352 2668 1479 2732 iure
1546 2668 1637 2731 vel
1703 2666 1779 2730 de
1843 2666 2025 2730 facto.
2091 2667 2172 2730 Et
2234 2685 2349 2729 non
2409 2665 2802 2730 obstantibus
2875 2664 3167 2747 predictis

430 2755 589 2819 dicte
636 2757 852 2835 partes¹
892 2755 1051 2818 inter
1097 2774 1163 2818 se
1212 2760 1425 2820 mutuo
1473 2758 1537 2820 et
1585 2754 1859 2819 vicissim
1906 2754 2274 2831 nominibuS,
2331 2753 2553 2836 quibus
2612 2772 2815 2835 supra,
2882 2754 3165 2817 firmave-

434 2843 577 2907 runt
624 2843 845 2907 bonam
896 2846 959 2907 et
1011 2861 1216 2906 veram
1287 2862 1515 2925 pacem,
1563 2843 1675 2906 deo
1737 2841 2031 2924 propicio,
2091 2842 2403 2924 perpetuis
2465 2842 2843 2922 temporibus
2910 2841 3168 2904 inviola-

426 2929 636 2994 biliter
679 2930 1089 3000 duraturam:

636 3018 794 3081 Item
842 3017 960 3083 fnit
1006 3020 1210 3082 actum
1263 3014 1425 3082 inter
1473 3018 1668 3081 dictas
1719 3019 1944 3099 parteS,
2005 3017 2163 3098 quod
2213 3035 2427 3080 omnes
2488 3018 2556 3080 et
2617 3016 2846 3099 singuli
2910 3014 3165 3095 captivi,

430 3104 724 3169 carcerati
774 3107 838 3167 et
883 3106 1114 3170 detenti
1163 3107 1438 3187 parcium
1487 3107 1903 3188 predictarum
1952 3109 2016 3169 et
2076 3105 2415 3169 cuiuslibet
2474 3105 2749 3186 ipsarum
2812 3122 2884 3168 ac
2955 3101 3168 3166 subdi-

429 3194 634 3256 torum
684 3193 974 3271 ipsorum,
1024 3195 1368 3275 ubicunque
1415 3195 1543 3257 sint
1586 3200 1650 3259 et
1699 3213 1878 3276 penes
1926 3212 2353 3277 quemcunque
2385 3193 2546 3275 capti
2599 3193 2691 3255 vel
2742 3191 2977 3255 detenti
3016 3190 3166 3267 sint,

428 3281 494 3343 et
539 3281 883 3362 quicunque
932 3281 1057 3345 sint
1102 3282 1230 3345 sive
1273 3282 1437 3363 capti
1489 3282 1716 3346 fuerint
1763 3302 1872 3364 per
1917 3282 2085 3363 ipsas
2155 3284 2364 3363 partes
2437 3281 2531 3344 vel
2600 3282 2817 3362 gentes
2890 3279 3162 3361 ipsarum

433 3368 527 3431 vel
575 3387 682 3448 per
727 3368 1074 3449 singulares
1120 3388 1410 3449 personas
1458 3389 1567 3434 seu
1614 3371 2044 3451 stipendiarios
2092 3369 2367 3451 ipsarum
2416 3369 2681 3451 partium
2723 3372 2787 3430 et
2831 3367 3166 3432 cuiuslibet

430 3475 660 3529 earum,
711 3456 841 3519 sive
888 3457 940 3519 si
989 3456 1218 3520 fuerint
1262 3457 1496 3520 detenti
1549 3457 1609 3520 iu
1682 3459 1910 3521 virtute
1974 3477 2082 3521 sne
2145 3459 2477 3539 potestatis
2539 3457 2812 3538 ipsarum
2870 3454 3165 3538 partium,

431 3544 526 3607 vel
574 3562 1079 3626 quarumcunque
1124 3545 1530 3625 singularium
1582 3564 1981 3626 personarum
2030 3546 2452 3628 cuiuscunque
2495 3544 2865 3609 conditionis
2913 3545 2978 3607 et
3025 3561 3167 3623 gra-

430 3632 542 3694 dus
589 3632 737 3703 sint,
786 3631 979 3694 libere
1026 3633 1089 3694 et
1137 3633 1267 3695 siue
1314 3633 1522 3714 aliqua
1566 3635 2002 3715 redemptione,
2053 3633 2368 3698 exactione
2414 3632 2510 3696 vel
2538 3633 2987 3715 impedimento
3021 3649 3167 3713 quo-

431 3737 666 3801 cunque
715 3719 866 3783 reali
912 3719 1010 3782 vel
1057 3720 1359 3800 personali
1413 3721 1785 3796 relaxentur,
1863 3723 2207 3786 liberentur
2253 3724 2316 3784 et
2362 3720 2784 3804 expediantur,
2849 3738 2922 3782 ac
2987 3718 3168 3782 resti-

433 3808 683 3870 tuantur
730 3807 990 3888 pristine
1037 3807 1311 3872 libertati
1361 3808 1521 3871 infra
1569 3810 1848 3889 tempora
1895 3812 1958 3873 et
2022 3812 2205 3891 prout
2252 3810 2412 3872 inter
2476 3810 2673 3874 dictas
2740 3810 2949 3890 partes
3013 3806 3169 3868 exti-

429 3894 576 3958 terit
622 3896 992 3959 ordinatum.

638 3980 1017 4059 Successive,
1069 4001 1210 4046 cum
1257 3983 1503 4063 guerre,
1546 3982 1712 4062 lites,
1760 3985 2111 4065 questiones
2160 3987 2223 4048 et
2283 3986 2697 4049 controversie
2760 3983 3165 4053 verterentur,

434 4067 589 4131 verti
629 4072 1048 4152 sperarentur,
1099 4072 1163 4133 et
1210 4070 1268 4132 in
1321 4070 1593 4134 futurum
1645 4073 1798 4135 verti
1849 4073 2104 4153 possent
2147 4072 2310 4136 inter
2348 4072 2652 4154 prefatum
2698 4072 3164 4136 serenissimum

431 4157 743 4221 dominum
814 4178 1020 4241 regem
1091 4178 1160 4220 ex
1232 4177 1354 4221 una
1397 4162 1586 4258 parte,
1652 4161 1713 4222 et
1776 4159 2011 4224 dictum
2074 4178 2398 4224 commune
2448 4161 2852 4225 veneciarum
2926 4179 2995 4221 ex
3042 4158 3168 4221 alia

428 4262 609 4325 super
654 4263 724 4309 eo
770 4247 929 4327 quod
977 4246 1250 4326 prefatus
1298 4247 1729 4310 serenissimus
1776 4247 2060 4311 dominus
2123 4267 2226 4311 rex
2272 4248 2544 4330 Ungarie
2607 4248 2869 4323 dicebat,
2936 4247 3165 4310 buccas

431 4330 756 4397 fluminum
803 4334 970 4397 Gnlfi
1018 4333 1093 4398 ad
1138 4353 1203 4396 se
1250 4340 1530 4414 spectare
1578 4337 1639 4397 et
1685 4335 2020 4416 pertinere;
2080 4338 2154 4416 et
2189 4337 2347 4418 quod
2412 4336 2529 4399 sibi
2592 4338 2655 4399 et
2716 4337 2843 4399 suis
2898 4334 3167 4399 subditis

430 4417 653 4483 licebat
702 4420 893 4485 libere
935 4423 998 4484 et
1043 4424 1292 4503 impune
1341 4423 1415 4484 ad
1462 4421 1661 4486 dictas
1721 4423 1964 4500 bucoaS,
2030 4427 2091 4487 et
2152 4424 2215 4487 in
2263 4423 2351 4487 eis
2417 4423 2726 4504 navigare,
2798 4423 3031 4488 intrare
3109 4424 3172 4485 et

428 4504 607 4584 exire,
656 4507 927 4573 imittere
976 4513 1039 4572 et
1085 4512 1401 4590 exportare
1455 4510 1548 4573 sal
1590 4512 1655 4573 et
1698 4510 1858 4575 alias
1906 4529 2322 4594 quascumque
2370 4529 2603 4575 merces
2665 4530 2773 4593 pro
2817 4530 2925 4575 sue
2988 4511 3170 4577 libito

432 4593 787 4671 voluntatiS,
837 4598 996 4660 sicut
1043 4601 1106 4660 et
1149 4597 1663 4678 quemadmodum
1718 4599 1776 4661 in
1828 4598 1967 4662 aliis
2015 4600 2295 4681 partibus
2362 4598 2515 4663 dicti
2558 4598 2725 4663 Gulfi
2787 4599 2995 4664 habet.
3066 4599 3169 4664 Sic

430 4679 614 4743 etiam
661 4682 910 4747 dicebat
954 4684 1181 4748 habere
1250 4703 1286 4747 a
1334 4683 1756 4748 Pulmentorio
1820 4687 1883 4748 et
1944 4686 2021 4748 ab
2070 4684 2353 4749 Arimino
2414 4686 2720 4749 exclusive
2786 4705 3015 4751 versus
3046 4685 3169 4748 Ve-

432 4767 655 4849 neciaS,
704 4790 814 4836 nec
861 4773 1023 4836 dicto
1072 4771 1386 4835 communi
1435 4772 1842 4837 Veneciarum
1892 4778 2243 4856 competere
2300 4773 2407 4855 jus
2471 4773 2835 4855 prohibendi
2893 4773 3012 4855 ipsi
3062 4773 3166 4836 do-
