3620 5282
504 337 591 407 22

497 515 743 582 domino
803 516 1037 593 banno,
1100 513 1370 580 dominio
1434 516 1637 580 vestro
1684 513 2042 579 transmitto
2103 533 2210 596 per
2258 512 2611 578 Nicoletum
2657 513 2949 579 Catormo
3015 516 3229 580 barca·

497 604 696 670 tolum
739 620 878 667 cum
926 602 1066 667 aliis
1113 603 1340 667 litteris
1388 605 1579 682 meis;
1628 604 1691 667 et
1733 601 1899 667 sicut
1948 602 2413 684 magnificencia
2445 604 2653 666 vostra
2697 601 2866 666 videt
2897 621 3005 685 per
3044 603 3226 668 verba

496 691 774 758 eiusdem
835 691 1068 755 domini
1114 691 1296 754 banni
1347 689 1579 769 dubito,
1629 689 1789 773 quod
1840 690 1917 754 ad
1965 708 2139 754 suam
2210 690 2714 754 informacionem
2776 690 3059 754 dominus
3120 709 3228 755 rex

494 780 649 844 mihi
696 780 863 843 dicat
899 778 1133 860 aliquid
1180 783 1242 841 et
1289 779 1507 860 tangat
1551 797 1735 861 super
1781 778 1915 860 ipsa
1966 778 2244 842 materia.
2294 778 2375 841 Et
2418 778 2563 859 quia
2611 777 2855 842 domine
2890 778 2977 841 mi
3024 776 3228 842 multa

494 870 567 932 de
613 865 712 931 his
758 865 945 944 habui
992 866 1490 930 informacionem
1544 885 1734 948 neque
1773 866 1998 930 habere
2047 865 2217 947 potui
2266 884 2459 947 neque
2512 864 2731 929 scirem
2790 864 2986 929 facere
3034 865 3224 929 aliam

496 953 952 1038 responsionem
1003 953 1316 1018 utiliorem
1365 972 1546 1037 quam
1599 953 1794 1032 illam,
1846 972 2030 1035 qnam
2077 953 2190 1017 feci
2255 952 2502 1017 domino
2549 952 2769 1031 hanno,
2827 956 2899 1016 ut
2941 953 3228 1035 superius

493 1041 732 1108 dictum
780 1042 895 1120 est,
946 1060 1089 1106 cum
1134 1041 1485 1105 omnimoda
1534 1043 1886 1106 reverencia
1934 1040 2234 1123 supplico,
2283 1044 2588 1122 quatenus
2649 1041 2703 1104 si
2763 1038 2996 1122 aliquid
3049 1040 3224 1111 ,aliud

493 1131 591 1195 est
636 1130 838 1196 vestre
884 1128 1269 1206 intencioniS,
1321 1128 1474 1193 mihi
1521 1129 1763 1194 servulo
1814 1130 1878 1193 et
1923 1128 2091 1192 fideli
2144 1131 2341 1192 vest-ro
2386 1127 2694 1192 declarare
2743 1126 3104 1209 dignemini,
3155 1129 3227 1193 ut

491 1217 805 1283 intentum
855 1219 1126 1281 vestrum
1177 1218 1373 1297 possit
1421 1217 1707 1297 perficere
1755 1217 1818 1280 in
1867 1216 2030 1279 omni
2077 1234 2242 1293 casu,
2296 1214 2460 1280 sicut
2519 1217 2702 1296 opt03
2767 1234 2908 1279 nam
2953 1215 3226 1280 intellexi

494 1323 532 1368 a
581 1305 883 1388 pluribus,
945 1304 1104 1386 quod
1169 1305 1330 1369 dicte
1379 1304 1790 1385 possessiones
1839 1306 2127 1368 moderno
2176 1307 2447 1385 tempore
2501 1304 2712 1368 valent
2756 1321 2792 1366 a
2838 1303 2895 1366 V
2939 1301 3112 1367 mille
3161 1304 3225 1367 in

490 1392 580 1457 VI
626 1392 800 1458 mille
854 1391 1220 1457 florenorum
1269 1394 1428 1456 iusto
1487 1392 1713 1473 precio.
1783 1393 2093 1465 Preterea,
2156 1392 2396 1456 domine
2459 1392 2563 1463 mi,
2626 1390 2816 1459 habui
2876 1409 2913 1454 a
2976 1391 3224 1455 domino

487 1480 709 1558 banno,
782 1481 947 1563 quod
1009 1480 1288 1544 dominus
1352 1498 1454 1543 rex
1517 1479 1632 1544 ivit
1690 1481 1749 1543 in
1812 1478 2083 1543 exercitu
2138 1479 2215 1543 ad
2260 1478 2693 1544 Transilvanas
2742 1482 2962 1560 partes,
3011 1479 3222 1542 tamen

488 1568 712 1646 nescio,
778 1569 833 1632 si
898 1567 987 1633 ita
1033 1570 1163 1644 est,
1232 1567 1374 1649 quia
1433 1566 1509 1631 de
1564 1567 1708 1632 hinc
1771 1567 2035 1632 veridice
2097 1567 2352 1631 minime
2415 1566 2573 1631 scire
2637 1583 2908 1648 possum.
2983 1565 3227 1630 Dicitur

489 1657 651 1738 quod
692 1655 753 1720 in
801 1656 1085 1739 partibus
1131 1654 1448 1737 Hungarie
1505 1655 1602 1719 est
1663 1673 1888 1737 magna
1953 1654 2322 1734 mortalitaS,
2388 1657 2450 1717 et
2498 1653 2678 1717 multi
2744 1654 3002 1718 barones
3051 1656 3227 1717 nota·

492 1742 674 1808 billes
720 1747 868 1807 sunt
918 1744 1162 1821 mortui,
1212 1742 1375 1805 inter
1420 1760 1568 1826 quos
1613 1742 1901 1808 dominus
1948 1742 2229 1807 Leuchus
2279 1741 2469 1807 frater
2514 1741 2774 1825 palatini
2821 1741 3087 1805 comitis.
3147 1741 3228 1805 Et

490 1831 639 1895 licet
700 1830 948 1895 domine
1010 1829 1094 1894 mi
1150 1830 1608 1912 magnificencie
1670 1833 1876 1895 vestre
1939 1831 2304 1913 scripseram
2370 1849 2476 1912 per
2536 1829 2699 1894 viam
2765 1829 2954 1893 maris
3021 1830 3229 1893 omnia

487 1917 790 1998 ordinate,
839 1922 1048 1982 tamen
1092 1917 1169 1982 ad
1217 1917 1634 1982 abundantem
1662 1918 1993 1984 cautellam
2044 1921 2288 2000 propter
2325 1916 2607 2001 hyemale
2650 1919 2913 1999 tempus,
2963 1936 3036 1981 ne
3086 1933 3227 1998 pos-

488 2007 626 2071 sitis
687 2005 993 2071 incurrere
1053 2005 1386 2069 terminum
1454 2005 1881 2070 extimacionis
1947 2008 2394 2087 possessionum
2459 2003 2863 2069 existencium
2927 2005 2987 2068 iu
3050 2004 3224 2069 Nona

485 2098 551 2159 et
593 2094 803 2172 Jadra,
844 2086 1038 2159 eciain
1088 2097 1157 2157 ut
1204 2093 1388 2158 verba
1435 2096 1856 2176 suprascripta
1903 2093 2132 2158 domini
2182 2093 2364 2157 banni
2413 2092 2601 2156 cicius
2647 2094 2772 2157 sint
2836 2092 3011 2157 vobis
3061 2094 3222 2170 nota,

486 2181 738 2264 proinde
785 2200 1093 2246 cursorem
1144 2181 1531 2283 presencium
1579 2201 1722 2245 cum
1768 2183 1866 2246 his
1915 2181 2070 2245 meis
2115 2182 2345 2246 litteris
2394 2183 2593 2245 vestre
2651 2181 2969 2244 serenitati
3028 2180 3220 2244 desti-

484 2287 729 2347 narem3
793 2287 936 2333 nam
985 2287 1022 2333 a
1067 2270 1165 2334 die
1211 2270 1269 2332 X
1316 2270 1545 2334 mensis
1595 2270 1895 2352 presentis
1942 2288 2186 2333 summo
2253 2288 2430 2333 mane
2487 2269 2648 2333 sicut
2706 2268 2973 2350 applicui
3022 2266 3223 2349 Segne

485 2376 679 2440 usque
726 2359 1074 2438 presentem
1123 2356 1286 2422 diem
1335 2358 1463 2420 tam
1517 2358 1850 2438 pessimum
1900 2359 2145 2439 tempus
2192 2359 2256 2422 et
2302 2358 2552 2422 fortuna
2593 2356 2824 2439 perfida
2862 2354 3002 2431 suit,
3059 2353 3220 2439 quod

487 2444 653 2509 dicta
714 2445 899 2509 barca
944 2463 1057 2509 nec
1106 2463 1217 2527 ego
1265 2445 1573 2526 potuimus
1614 2444 1914 2521 recedere,
1963 2449 2025 2509 et
2069 2464 2203 2510 cras
2251 2445 2432 2510 dante
2478 2444 2593 2508 deo
2641 2443 3070 2519 reccedamns3
3125 2461 3227 2505 ve-

487 2532 853 2597 runtamen
838 2551 903 2596 ιιι
927 2534 1056 2597 toto
1081 2550 1202 2596 non
1232 2530 1414 2596 amisi
1446 2534 1710 2615 tempuS,
1746 2551 1888 2596 nam
1938 2534 2058 2598 emi
2107 2552 2295 2597 unum
2322 2551 2566 2615 equum,
2594 2530 2784 2595 alium
2840 2531 3064 2595 habere
3111 2549 3230 2594 non

488 2637 757 2721 possum,
805 2619 908 2703 qui
955 2620 1041 2685 sit
1085 2638 1195 2704 pro
1240 2620 1481 2699 itinere,
1532 2638 1641 2685 nec
1690 2639 1727 2685 a
1765 2620 1816 2684 L
1858 2620 2098 2685 ducatis
2132 2623 2196 2685 et
2246 2621 2387 2686 inde
2422 2637 2639 2702 supra,
2686 2622 2784 2683 set
2828 2637 3003 2701 spero
3051 2618 3224 2684 inve-

481 2708 614 2773 nire
660 2707 1027 2783 Modrussie,
1076 2710 1141 2773 et
1186 2727 1326 2773 cum
1362 2706 1654 2786 habuero,
1689 2709 2012 2774 solicitabo
2055 2710 2173 2773 iter
2204 2729 2407 2773 meum
2457 2726 2565 2789 pro
2598 2726 2796 2790 posse,
2833 2713 2895 2772 et
2930 2707 3222 2789 quicquid

478 2797 750 2861 habuero
798 2798 863 2862 et
908 2796 1125 2873 fecer0,
1176 2795 1417 2860 solicite
1465 2794 1738 2861 dominio
1782 2799 1988 2861 vestro
2027 2795 2250 2860 faciam
2298 2797 2426 2861 fore
2474 2798 2709 2860 notum.
2758 2796 2949 2859 Lator
3013 2799 3222 2859 autem

476 2885 862 2967 presencium
908 2885 1134 2949 habere
1180 2885 1361 2949 debet
1405 2884 1662 2949 ducatos
1710 2885 1861 2949 duos
1920 2903 2061 2948 cum
2128 2884 2408 2960 dimidio,
2473 2886 2545 2947 de
2609 2882 2830 2965 quibus
2897 2882 3016 2947 sibi
3084 2882 3222 2945 dedi

476 2972 769 3037 ducatum
828 2990 1038 3049 unum,
1101 2973 1411 3037 residuum
1475 2972 1817 3055 dignemini
1902 2971 2205 3049 ordinare,
2269 2973 2426 3054 quod
2472 2972 2593 3036 sibi
2653 2969 2853 3036 detur.
2917 2971 3099 3034 Nunc
3160 2973 3225 3035 et

478 3079 721 3142 semper
766 3058 968 3143 gratie
1016 3061 1219 3124 vestre
1267 3079 1366 3123 me
1410 3061 1790 3125 commendo.
1865 3058 2158 3124 Servulus
2225 3061 2426 3124 vester
2486 3060 2550 3123 et
2612 3058 2890 3121 notarius
2954 3056 3224 3121 Bartho-

477 3147 713 3212 lomeus
769 3146 1004 3212 Urssio.
1070 3147 1233 3211 Data
1282 3148 1483 3229 Segne
1544 3147 1640 3211 die
1703 3147 1853 3210 XVI
1907 3146 2180 3227 januarii
2245 3147 2395 3211 XIII
2450 3145 2822 3210 indictionis,
2890 3144 2946 3208 A
3011 3148 3219 3227 tergo:

480 3233 890 3298 Serenissimo
941 3234 1005 3296 et
1050 3231 1565 3297 excellentissimo
1625 3234 1873 3297 domino
1936 3252 2045 3297 suo
2107 3233 2352 3298 domino
2412 3233 2680 3300 Johanni
2733 3231 3053 3316 Delphyno
3117 3232 3217 3296 dei

480 3321 686 3405 gratia
725 3319 940 3384 inclito
989 3320 1129 3384 duci
1175 3320 1573 3384 Venetiarum
1621 3325 1737 3385 etc.
1788 3320 2266 3387 Bartholomeus
2314 3322 2495 3388 Ursio
2556 3340 2663 3405 pro
2711 3319 2913 3387 verbis
2981 3320 3210 3385 habitis

481 3426 518 3472 a
564 3407 811 3473 domino
863 3405 1039 3472 bano.

568 3495 731 3559 Clas.
787 3494 952 3559 XIV
999 3497 1138 3558 Ood.
1189 3495 1421 3558 LXXI
1465 3500 1570 3569 29,
1616 3516 1660 3559 u
1703 3493 2019 3559 Marciani
2064 3517 2107 3558 u
2151 3499 2420 3560 Mletcih.

901 3687 1157 3769 XLV.
1213 3686 1421 3793 God.
1476 3687 1707 3771 1360.
1762 3688 1865 3770 28
1920 3686 2274 3790 siecnja,
2325 3710 2386 3769 u
2439 3687 2829 3770 Mletclh.

481 3813 795 3889 Odqovara
843 3831 906 3873 se
949 3815 1269 3889 poslaniku
1315 3816 1476 3873 bana
1504 3815 1877 3888 hrvatskoya,
1923 3817 2005 3873 da
2033 3816 2088 3874 si
2116 3816 2338 3874 nabavi
2377 3815 2587 3887 oruija
2623 3832 2700 3874 uz
2730 3816 2958 3888 aptatu
2989 3817 3223 3876 obidnih

477 3902 647 3971 daca,
693 3919 734 3960 a
780 3903 946 3977 ylede
980 3903 1261 3975 prociene
1304 3902 1530 3961 dobara
1574 3903 1886 3963 mletabkih
1921 3904 2236 3975 podanika
2273 3921 2315 3962 u
2363 3901 2572 3961 Zadru
2613 3904 2638 3961 i
2685 3921 2724 3960 u
2766 3903 2954 3971 Nina,
3020 3905 3101 3962 da
3161 3904 3224 3963 όε

481 3990 663 4049 vlada
706 4006 781 4050 za
833 3991 1225 4064 opredieb'eno
1288 3991 1502 4050 vrieme
1562 3991 2185 4152 Ζάριζῖἴίῑὶεὲοαρίιὲια
2245 4008 2424 4066 svoya
2481 3991 2816 4064 poslanika,
2872 3992 2972 4065 koj
3033 3994 3094 4052 de
3142 3995 3221 4065 ju

697 4197 864 4264 1359
913 4197 1246 4264 indictione
1294 4198 1468 4278 XIII,
1517 4198 1616 4264 die
1660 4199 1936 4265 XXVIII
2013 4197 2298 4265 ianuarii.
2362 4198 2710 4265 consiliarii
2774 4201 2838 4264 et
2892 4199 3100 4282 capita
3158 4200 3223 4264 et

480 4285 728 4368 sapiens
776 4286 1157 4351 Trivisanus.
1223 4284 1454 4369 Capta:
1506 4289 1682 4369 ¹quod
1745 4287 2188 4370 respondeatur
2249 4289 2462 4353 nuntio
2520 4287 2756 4351 domini
2816 4288 3004 4352 banni
3052 4286 3223 4352 Scla-

479 4373 679 4450 vonie,
756 4374 820 4438 et
865 4372 1062 4455 primo
1100 4375 1175 4439 ad
1222 4374 1537 4438 licentiam
1604 4394 1917 4441 armorum
1965 4379 2027 4440 et
2092 4394 2313 4453 rerum,
2382 4393 2534 4457 quas
2580 4376 2741 4457 petit
2800 4393 2909 4456 pro
2974 4374 3221 4439 domino

481 4460 682 4524 banno
730 4461 795 4524 et
840 4479 956 4526 usu
1002 4480 1134 4539 sno,
1186 4461 1347 4544 quod
1392 4462 1692 4527 habentes
1740 4483 1883 4527 eum
1934 4463 1993 4527 in
2037 4463 2309 4536 amicum
2381 4466 2444 4527 et
2486 4462 2741 4526 fratrem
2806 4463 3222 4540 carissimum,

482 4547 757 4611 contenti
828 4566 1045 4613 sumus
1106 4547 1161 4612 ei
1227 4549 1553 4614 concedere
1613 4551 1882 4633 gratiose
1943 4550 2260 4615 licentiam
2329 4551 2400 4614 de
2465 4549 2655 4615 armis
2717 4552 2782 4614 et
2838 4552 3021 4615 rebus
3084 4569 3224 4633 pre-

481 4632 684 4713 dictis,
734 4634 1027 4700 solvendo
1076 4634 1322 4701 dacium
1372 4637 1436 4701 et
1473 4635 1743 4702 drictum
1791 4638 2100 4714 nostrum,
2148 4636 2291 4720 quia
2338 4657 2448 4721 per
2491 4638 2732 4702 ordines
2767 4639 3008 4702 nostros
3040 4638 3225 4702 aliter

484 4719 617 4786 fieri
665 4739 787 4786 non
835 4720 1056 4804 possit.
1105 4723 1299 4805 Super
1345 4723 1599 4806 reliquis
1646 4743 1789 4790 vero
1838 4725 2134 4807 expositis
2166 4726 2230 4788 et
2272 4724 2521 4808 scriptis
2568 4742 2678 4808 pro
2727 4725 2896 4807 parte
2966 4743 3076 4789 sua
3130 4743 3226 4789 re·
