3620 5282
3042 324 3171 407 1105

433 515 575 580 duci
621 515 971 597 Raguxium
1021 516 1137 581 sub
1181 514 1355 599 penis
1398 514 1683 581 omnibus
1740 517 1807 580 et
1851 515 2163 581 striaturis
2211 517 2384 582 novis
2451 515 3044 594 contrabanuorum3
3109 518 3172 582 et

437 603 551 667 hoc
595 603 909 667 cridentur
949 603 1193 686 publice
1240 604 1302 667 in
1350 603 1502 668 locis
1550 603 1773 682 solitiS,
1824 606 1887 667 et
1950 604 2420 669 committantur
2464 603 2748 667 omnibus
2805 604 3173 670 officialibus

438 690 1012 769 contrabannorum,
1061 690 1218 773 quod
1269 691 1583 774 inquirant
1629 692 1703 754 de
1748 691 2352 767 contrafacientibus,
2402 693 2468 755 et
2511 709 2697 772 penas
2738 693 3007 775 exigant,
3062 692 3172 758 ha-

436 777 633 842 bendo
679 781 937 860 partem,
1001 779 1106 860 qui
1172 779 1370 861 primo
1435 779 1800 857 invenerint,
1850 781 2032 861 prout
2074 779 2309 844 habent
2355 780 2427 842 de
2474 779 2616 842 aliis
2658 779 2755 843 sui
2812 778 3020 844 officii.
3080 780 3173 843 De

438 867 617 948 parte
663 865 794 941 alii,
841 867 915 929 de
959 885 1075 930 non
1125 865 1186 943 8,
1234 884 1355 930 non
1402 865 1625 930 sinceri
1665 865 1726 930 9.

524 956 711 1015 Misti
761 953 1056 1016 XXXIV
1096 958 1198 1027 44,
1242 974 1287 1015 u
1330 957 1486 1018 mlet.
1533 957 1765 1017 arkivu.

860 1144 1108 1227 CCII.
1166 1142 1372 1226 God.
1426 1144 1643 1226 1373.
1696 1144 1800 1226 29
1854 1144 2223 1244 travnja,
2278 1167 2337 1226 u
2393 1144 2781 1227 Mleteih.

644 1268 1040 1349 Responsum
1086 1266 1521 1332 ambasciatori
1569 1264 1800 1345 Catari,
1868 1268 2030 1349 quod
2088 1271 2460 1332 mercatores
2525 1269 2725 1334 veneti
2774 1268 3015 1351 possint
3084 1288 3174 1332 re·

440 1373 690 1421 manere
737 1357 801 1420 et
845 1356 1104 1419 mercari
1152 1353 1358 1420 Catari
1407 1372 1601 1436 usque
1648 1354 1724 1420 ad
1772 1356 1897 1419 tres
1935 1374 2198 1433 menses,
2247 1354 2353 1419 sed
2401 1374 2519 1420 non
2566 1356 2856 1438 amplius,
2907 1357 2961 1421 si
3007 1356 3175 1420 intra

442 1444 676 1506 dictum
726 1442 1062 1508 terminum
1107 1461 1224 1506 non
1271 1440 1460 1505 fuerit
1503 1442 1902 1506 satisfactum
1951 1441 2254 1525 Phylippo
2303 1440 2568 1507 Barcelli
2630 1444 2706 1509 de
2766 1442 2991 1508 damno
3053 1442 3172 1507 sibi

439 1530 633 1606 illato,
683 1529 852 1594 omni
898 1548 1084 1595 causa
1129 1532 1381 1594 remota.
1431 1528 1762 1611 Capitaneo
1807 1532 2019 1594 autem
2067 1531 2280 1612 culphi
2340 1529 2728 1595 ordinatum:
2792 1530 2847 1595 si
2907 1532 2985 1595 ad
3046 1531 3176 1595 dic-

438 1620 570 1683 tum
619 1619 954 1767 {erminum
1003 1636 1120 1682 non
1163 1617 1347 1682 fuerit
1398 1616 1812 1695 satisfactum,
1861 1617 2145 1682 observet
2189 1616 2271 1696 id,
2334 1618 2493 1701 quod
2554 1616 2710 1683 alias
2772 1618 2845 1682 de
2898 1637 2968 1683 eo
3027 1636 3172 1699 cap-

435 1706 570 1770 tum
646 1704 755 1769 uit.

522 1795 704 1854 misti
753 1795 1064 1856 XXXIV.
1113 1797 1215 1865 45,
1263 1814 1304 1855 ιι
1347 1796 1505 1858 mlet.
1553 1796 1789 1857 arkivu.

824 1964 1111 2048 cem.
1167 1966 1374 2048 God.
1430 1966 1647 2050 1373.
1703 1965 1796 2047 12
1854 1966 2222 2068 svibnja,
2277 1989 2333 2048 u
2389 1966 2776 2050 Mletcih.

449 2093 783 2167 Republika
829 2094 1117 2153 mletacka
1153 2111 1235 2168 po
1279 2111 1439 2153 svom
1472 2093 1851 2167 pomorskom
1896 2094 2200 2165 kapetanu
2239 2092 2515 2164 zahtjeva
2558 2093 2634 2152 od
2698 2093 2939 2166 vojvode
2997 2093 3173 2152 arba-

445 2182 714 2260 naskoqa
758 2182 957 2241 Karza
1014 2182 1211 2255 Topie,
1257 2181 1338 2240 da
1373 2182 1706 2328 wtzegsso
1720 2180 2126 2340 εῑίἰιέἓιὲθξέα
2170 2181 2354 2239 brocia
2399 2180 2571 2240 brace
2617 2180 2902 2240 Dandulo
2957 2198 3173 2255 'tepra-

652 2369 837 2435 1373.
888 2370 1225 2435 indictione
1274 2370 1384 2445 XI,
1452 2370 1548 2435 die
1595 2370 1716 2435 XII
1788 2369 1957 2434 maii.
2035 2368 2145 2435 Ser
2190 2370 2466 2435 Marinus
2535 2371 2727 2446 Bon0,
2798 2388 2898 2434 ser
2945 2370 3166 2436 Petrus
3252 2445 3256 2448 Α

438 2458 739 2534 Grimani,
786 2478 885 2522 ser
935 2458 1186 2522 Marcus
1235 2457 1599 2535 Contareno,
1664 2457 1976 2540 sapientes
2024 2457 2328 2521 ordinum.
2394 2456 2606 2539 Capta,
2670 2476 2814 2521 cum
2876 2475 2985 2539 per
3038 2458 3168 2522 Ka-

439 2546 636 2610 rolum
686 2545 872 2627 Topie
919 2546 1256 2627 principem
1304 2545 1572 2610 Albanie
1617 2546 1860 2609 retenta
1921 2546 2006 2608 sit
2065 2563 2186 2610 una
2246 2546 2433 2609 cocha
2495 2546 2559 2609 et
2621 2564 2780 2609 unus
2841 2545 3173 2627 panphilus

440 2633 736 2698 nobilium
784 2634 1052 2697 virorum
1099 2633 1342 2699 Andree
1411 2636 1475 2699 et
1536 2632 1797 2698 Gratoni
1857 2632 2141 2697 Dandulo
2205 2630 2465 2697 fratrum
2526 2632 2753 2697 civium
2819 2633 3170 2697 nostrorum

438 2722 552 2785 sub
629 2725 927 2803 pretextu,
1003 2721 1161 2803 quod
1231 2740 1349 2786 non
1423 2721 1728 2786 solverint
1794 2721 2054 2784 doanam
2127 2738 2303 2784 suam
2351 2718 2426 2784 de
2474 2719 2812 2802 lignamine
2862 2720 3061 2801 posito
3108 2719 3170 2783 in

437 2809 621 2873 dictis
669 2808 935 2892 navigiis
982 2808 1284 2873 laboratis
1333 2808 1393 2872 in
1444 2808 1573 2873 illis
1620 2808 1922 2891 partibuS,
1987 2827 2169 2890 quam
2236 2807 2492 2871 doanam
2554 2805 2704 2870 dicti
2768 2806 3006 2871 nobiles
3072 2825 3170 2870 as-

436 2898 648 2961 serunt
689 2914 807 2961 non
855 2895 1079 2961 debere
1126 2896 1386 2974 solvere,
1436 2915 1506 2961 eo
1553 2897 1713 2978 quod
1762 2895 2113 2959 habuerunt
2154 2899 2403 2976 pactum
2452 2913 2593 2958 cum
2644 2895 2775 2975 ipso
2811 2893 3049 2958 Karulo
3097 2895 3170 2957 de

421 2997 554 3048 ‘non
607 2983 895 3047 solvendo
945 2983 1179 3066 aliquid
1232 3003 1339 3065 pro
1388 2983 1554 3048 dicto
1600 2981 1965 3085 lignamine,
2016 2982 2129 3046 nisi
2195 2981 2398 3046 solum
2463 2998 2584 3044 una
2643 2980 2881 3063 peciam
2948 2981 3170 3063 panni:

437 3072 689 3156 propter
735 3072 1144 3136 retentionem
1193 3090 1450 3153 quorum
1514 3070 1905 3154 navigiorum
1975 3069 2091 3152 ipsi
2164 3067 2403 3133 nobiles
2472 3068 2809 3132 maximum
2875 3067 3171 3133 damnum

438 3157 887 3232 sustinuerunt,
961 3162 1023 3221 et
1089 3158 1316 3223 bonum
1389 3158 1475 3222 sit
1543 3158 1772 3222 nostris
1846 3156 2084 3222 civibus
2130 3154 2492 3232 subvenire;
2556 3154 2727 3219 vadit
2795 3173 2955 3238 pam,
3014 3155 3171 3237 quod

438 3246 746 3309 scribatur
792 3245 1112 3326 capitaneo
1159 3245 1327 3323 culfi,
1375 3247 1534 3328 quod
1582 3245 1643 3309 in
1691 3264 1837 3311 casu
1890 3263 2027 3346 quo
2093 3264 2201 3327 per
2262 3204 2530 3320 litteras,
2595 3261 2748 3325 quas
2811 3241 3173 3326 dirrigimus

437 3333 599 3398 dicto
649 3332 884 3397 Karulo
932 3334 1276 3415 superinde,
1340 3352 1603 3415 quarum
1648 3332 1826 3415 copia
1887 3332 2005 3413 ipsi
2071 3332 2395 3414 capitaneo
2467 3330 2953 3402 transmittatur,
3021 3330 3174 3394 dicti

437 3420 631 3486 nostri
680 3420 918 3484 nobiles
967 3439 1084 3485 non
1126 3424 1379 3502 possent
1425 3422 1604 3486 suam
1634 3418 2043 3484 intentionem
2090 3420 2384 3496 obtinere,
2433 3420 2582 3484 tuuc
2616 3418 2748 3501 ipse
2789 3417 3169 3500 capitaneus,

437 3508 600 3573 facta
646 3508 935 3590 diligenti
979 3509 1378 3590 inquisitione
1426 3511 1491 3572 et
1536 3509 1748 3573 habita
1796 3506 2075 3589 plenaria
2120 3506 2554 3572 informatione
2601 3507 2677 3571 de
2723 3507 2839 3571 hoc
2887 3506 3068 3580 facto,
3118 3505 3172 3569 si

437 3595 782 3661 invenerint
826 3595 917 3659 ita
964 3613 1119 3672 esse,
1174 3596 1353 3677 prout
1398 3598 1686 3661 asserunt
1731 3594 1883 3659 dicti
1933 3594 2128 3659 nostri
2176 3593 2435 3672 nobiles,
2486 3595 2775 3676 procuret
2835 3594 3168 3659 efficaciter
3285 3599 3293 3624 '

440 3681 900 3748 relascationem
951 3686 1014 3747 et
1059 3683 1586 3765 recuperationem
1656 3683 1962 3747 dictorum
2026 3682 2415 3764 navigiorum
2486 3700 2625 3746 cum
2696 3682 2982 3746 omnibus
3045 3679 3173 3743 illis

440 3770 638 3836 modis
706 3771 772 3836 et
830 3771 1290 3854 experimentis,
1355 3773 1457 3853 qui
1521 3772 1641 3836 sibi
1705 3769 2079 3835 videbuntur
2142 3787 2250 3851 pro
2311 3773 2463 3833 bono
2521 3767 2673 3834 facti
2734 3767 3015 3851 predicti.
3081 3769 3173 3832 De

438 3859 611 3940 parte
657 3859 765 3923 49.

649 3945 760 4012 Ser
804 3946 1115 4011 Johannes
1162 3946 1235 4010 de
1284 3944 1510 4010 Pirolis
1558 3947 1801 4028 sapiens
1848 3944 2171 4010 ordinum.
2218 3942 2355 4009 vult
2400 3946 2638 4026 partem
2684 3941 3173 4025 suprascriptam

441 4052 546 4114 per
592 4034 796 4098 totum
844 4052 987 4098 cum
1034 4031 1149 4097 hoc
1193 4033 1530 4110 additione,
1579 4034 1740 4115 quod
1786 4032 2145 4116 capitaneus
2193 4050 2306 4132 pro
2341 4031 2459 4096 hoc
2506 4031 2667 4095 facto
2715 4048 2834 4093 non
2879 4027 3174 4111 procedat

439 4120 517 4184 ad
564 4119 834 4203 aliquam
884 4121 1248 4185 novitatem.
1298 4121 1390 4185 De
1431 4121 1607 4201 parte
1653 4120 1759 4196 42,
1810 4139 1930 4185 non
1976 4121 2038 4195 O,
2090 4136 2208 4183 non
2257 4118 2480 4182 sinceri
2527 4119 2587 4181 2.

526 4210 708 4270 Misti
756 4209 1057 4271 XXXIV
1097 4213 1198 4280 50,
1243 4227 1286 4269 u
1331 4210 1484 4271 mlet.
1535 4211 1769 4270 arkivu.

935 4398 1201 4481 cclv.
1259 4396 1465 4480 God.
1520 4397 1740 4484 1373.
1793 4398 2119 4499 srpnja,
2171 4417 2231 4477 u
2285 4393 2678 4478 Mletcih.

440 4521 783 4595 Zur-obveni
842 4523 917 4582 od
973 4523 1289 4583 Mletdana
1349 4541 1389 4582 u
1451 4523 1600 4582 bitki
1664 4522 1739 4582 od
1804 4526 1841 4581 1
1902 4539 2117 4595 srpma
2166 4519 2481 4580 1373211
2523 4523 2665 4578 rata
2713 4519 2877 4592 proti
2924 4518 3169 4579 Padovi.

651 4624 1043 4707 Infrascripti
1101 4626 1249 4689 sunt
1308 4624 1624 4699 carzerati,
1688 4624 1865 4688 missi
1913 4641 1950 4688 a
1993 4622 2218 4687 bastiis
2268 4621 2518 4699 nostriS,
2566 4621 2733 4703 capti
2778 4620 2842 4684 in
2882 4618 3173 4684 conflictu

440 4710 586 4777 dato
632 4711 903 4777 inimicis
958 4711 1056 4777 die
1114 4712 1316 4795 primo
1361 4712 1498 4777 iulii
1553 4710 1740 4791 1373,
1802 4709 2139 4778 indictione
2198 4708 2305 4789 XI,
2366 4708 2430 4774 in
2491 4725 2715 4792 guerra
2780 4707 2995 4772 contra
3054 4705 3175 4769 Pa-
