3620 5282
494 347 621 412 116

492 522 686 588 versis
730 521 1143 606 gravitatibus
1186 523 1250 586 et
1295 521 1599 586 molestiis
1645 524 1920 598 tractari,
1971 525 2035 587 et
2081 526 2401 607 propterea
2447 543 2511 589 se
2558 524 2639 588 ad
2685 524 2951 607 dampna
2998 524 3212 607 gravia

493 613 559 675 et
603 610 875 674 iacturas
923 610 1344 675 intolerabiles
1385 629 1518 674 esse
1567 611 1914 693 prolapsos,
1964 611 2191 674 damna
2254 630 2493 695 quoque
2545 612 2864 694 dampniS,
2915 613 3216 676 novitates

491 698 891 775 novitatibus,
959 702 1021 761 et
1082 697 1423 780 gravitates
1491 700 1906 780 gravitatibus
1970 700 2329 763 continuate
2388 703 2452 763 et
2497 700 2916 764 indesinenter
2978 700 3208 782 augeri.

491 784 629 864 Que·
672 785 920 868 quidem
967 786 1293 863 novitates,
1339 786 1678 867 gravitates
1722 789 1785 849 et
1831 786 2120 867 dampna,
2169 787 2259 850 eis
2307 787 2743 869 importabilia,
2792 788 2958 869 ipsos
2989 789 3215 851 astrin-

495 874 654 957 gunt
697 873 772 936 de
820 891 1009 955 regno
1057 873 1362 952 recedere,
1411 876 1475 936 et
1519 874 1581 936 in
1629 874 1761 955 ipso
1809 893 1976 938 more
2039 872 2220 938 solito
2281 893 2399 939 non
2460 875 2784 938 mercbari.
2860 874 2979 938 Pro
3042 876 3214 938 tanto

487 960 685 1043 igitur
729 979 857 1034 nos,
904 961 1007 1043 qui
1056 962 1116 1024 in
1162 962 1368 1024 animo
1413 980 1654 1042 semper
1699 960 1999 1025 habemus
2041 961 2461 1026 sinceritatem
2518 966 2582 1027 et
2612 961 2816 1036 fidem,
2864 962 3212 1042 bonumque

490 1049 659 1131 pacis
705 1050 769 1111 et
812 1047 1095 1112 cocordie
1142 1066 1282 1111 cum
1331 1066 1441 1111 sua
1488 1065 1664 1111 sacra
1704 1048 2030 1113 maiestate
2078 1050 2283 1112 nostre
2331 1050 2556 1114 mentis
2602 1049 2921 1114 affectibus
2970 1066 3214 1113 conser-

492 1153 654 1212 vare,
706 1134 1083 1216 providimus
1131 1135 1390 1199 eundem
1440 1135 1900 1199 ambaxatorem
1951 1139 2233 1200 nostrum
2297 1137 2373 1200 ad
2423 1155 2599 1200 suam
2648 1136 3047 1200 serenitatem
3088 1135 3215 1199 cla-

491 1222 805 1288 rissimam
855 1222 1188 1300 destinare,
1236 1241 1421 1304 quam
1467 1223 1753 1286 volumus
1797 1242 1871 1287 ex
1917 1226 2090 1305 parte
2137 1225 2349 1288 nostra
2395 1226 2699 1288 instanter
2748 1242 2941 1300 orare,
2991 1224 3062 1286 ut
3107 1241 3214 1304 pro

488 1312 712 1376 honore
760 1329 867 1374 sue
912 1310 1307 1374 serenissime
1355 1311 1704 1374 maiestatis
1750 1313 1825 1374 ad
1873 1310 2113 1375 iusticie
2177 1314 2241 1375 et
2303 1313 2509 1375 nostre
2574 1310 3076 1376 consideracionis
3118 1310 3214 1372 in-

489 1398 674 1475 tuitu,
720 1397 824 1480 qui
873 1416 1116 1479 semper
1158 1398 1223 1462 et
1259 1398 1425 1460 omni
1472 1401 1746 1479 tempore
1794 1398 2106 1462 reddimur
2165 1400 2241 1462 ad
2291 1398 2421 1462 eius
2488 1399 2875 1482 beneplacita
2921 1400 2984 1460 et
3027 1400 3208 1478 grata

487 1485 769 1568 dispositi
811 1484 940 1549 leta
985 1486 1213 1563 mente,
1259 1484 1548 1567 dignetur
1593 1487 1658 1549 et
1707 1486 1854 1549 velit
1914 1486 2194 1549 ordinare
2257 1487 2622 1563 efiicaciter,
2686 1489 2750 1549 et
2795 1504 2934 1549 cum
2984 1483 3205 1548 effectu

488 1572 801 1649 mandare,
850 1571 1006 1654 quod
1068 1572 1221 1653 ipsis
1282 1574 1513 1637 nostris
1577 1572 1863 1636 fidelibus
1926 1573 2000 1636 de
2059 1574 2375 1656 RaguxiO,
2440 1592 2699 1656 quorum
2761 1571 3083 1635 commoda
3148 1573 3211 1633 et

486 1661 886 1743 augmentum
933 1659 1249 1760 tamquam
1299 1661 1523 1724 bonum
1568 1661 1885 1746 proprium
1921 1665 2300 1744 reputamuS,
2346 1664 2410 1725 et
2455 1661 2741 1724 continue
2809 1676 3207 1755 procuramus

490 1750 564 1813 de
610 1747 754 1824 hiis,
794 1765 910 1829 que
953 1748 1032 1811 ab
1080 1748 1169 1810 eis
1218 1746 1492 1811 indebite
1534 1751 1678 1811 sunt
1724 1748 1954 1826 ablata,
2003 1768 2075 1812 ac
2120 1750 2193 1812 de
2240 1748 2522 1830 dampnis
2579 1745 2874 1829 singulis,
2942 1744 3214 1828 gravita-

488 1835 658 1901 tibus
704 1836 768 1900 et
815 1833 1140 1913 molestiiS,
1189 1835 1279 1899 eis
1326 1853 1433 1917 per
1480 1834 1774 1898 officiales
1822 1836 1985 1919 regis
2033 1835 2342 1918 irrogatis,
2386 1836 2494 1899 fiat
2541 1833 2857 1898 satisfacio
2904 1833 3115 1896 debita
3148 1835 3213 1897 et

486 1922 790 2005 condigna
822 1921 1054 2000 taliter,
1101 1921 1263 2003 quod
1312 1921 1582 1986 habeant
1635 1923 1855 1986 merito
1903 1924 2267 2001 contentari,
2317 1925 2382 1985 et
2427 1923 2516 1986 eis
2562 1939 2746 1985 causa
2783 1921 3027 2002 querele
3077 1939 3213 1983 am-

483 2011 648 2095 plius
691 2028 810 2074 non
860 2010 1150 2109 supersit.
1201 2008 1461 2073 Mandet
1497 2028 1737 2092 quoque
1787 2012 1850 2073 et
1896 2029 2009 2074 sua
2062 2011 2231 2075 clara
2276 2010 2610 2086 serenitas,
2671 2012 2735 2073 et
2780 2007 3022 2071 ordinet
3066 2027 3208 2072 cum

491 2098 733 2176 effectu,
782 2095 940 2179 quod
987 2097 1105 2179 ipsi
1152 2095 1428 2180 Raguxei
1476 2097 1819 2180 privilegiis
1866 2101 1928 2161 et
1972 2098 2479 2181 promissionibus
2520 2096 2828 2178 gaudeant
2868 2114 2941 2160 ac
2987 2096 3213 2159 immu-

485 2185 801 2251 nitatibus
847 2184 911 2247 et
958 2182 1290 2249 benefficiis
1339 2185 1399 2248 in
1450 2203 1637 2268 regno
1685 2203 1814 2261 suo,
1863 2186 2081 2267 quibus
2129 2204 2166 2249 a
2212 2185 2412 2268 longis
2462 2188 2625 2249 retro
2652 2183 3034 2266 temporibus
3068 2185 3213 2246 sunt

490 2273 723 2357 gavisi,
773 2272 862 2336 ita
901 2272 972 2335 ut
1017 2270 1323 2335 restitutis
1371 2274 1433 2336 et
1479 2272 1818 2336 satisfactis
1874 2273 2157 2355 dampnis
2204 2272 2605 2355 quibuslibet,
2657 2275 2721 2335 et
2745 2271 3037 2335 ammotIs
3071 2288 3212 2353 gra-

490 2359 796 2427 vitatibus
839 2360 905 2424 et
948 2359 1255 2423 molestiis
1318 2359 1590 2423 insolitis
1650 2359 2110 2443 quibuscunque
2175 2360 2296 2443 ipsi
2352 2360 2657 2443 Raguxini
2713 2359 2777 2423 in
2843 2376 3032 2441 regno
3095 2375 3206 2423 suo

488 2446 839 2515 conversari
872 2447 1109 2528 possint
1154 2449 1217 2510 et
1257 2448 1513 2511 mercari
1541 2447 1704 2511 sicut
1727 2449 2170 2511 consueverant
2195 2449 2338 2511 ante
2362 2448 2474 2511 has
2506 2448 2810 2511 novitates
2835 2448 2899 2511 et
2923 2447 3208 2527 dampna,

486 2538 604 2602 hoc
648 2553 786 2600 cum
836 2553 942 2598 sue
989 2533 1334 2598 maiestatis
1382 2534 1676 2598 honorem
1738 2536 1801 2598 et
1865 2536 2048 2599 decus
2094 2535 2403 2616 respiciet,
2463 2543 2526 2598 et
2572 2533 2811 2598 fructus
2859 2537 2923 2598 et
2967 2535 3211 2598 utilitas

486 2624 627 2689 inde
674 2620 994 2707 parabitur
1035 2622 1150 2687 toti
1201 2639 1420 2705 regn03
1471 2640 1579 2686 nos
1625 2640 1931 2705 quamque
1977 2622 2124 2702 licet
2170 2627 2484 2705 promptos
2550 2620 2786 2685 dudum
2835 2621 2896 2685 in
2939 2621 3206 2703 singulis
3281 2622 3292 2631 ‘

487 2714 619 2778 eius
668 2710 1071 2794 beneplacitis
1117 2711 1383 2793 reperire
1430 2712 1721 2793 potuerit,
1777 2710 2048 2774 inveniet
2095 2712 2169 2776 ad
2218 2710 2427 2774 eadem
2495 2708 2757 2791 singulis
2818 2711 3204 2791 temporibus

490 2799 923 2884 promptiores,
973 2798 1057 2862 Et
1103 2816 1242 2863 cum
1289 2798 1409 2862 hiis
1457 2803 1519 2861 et
1565 2798 1706 2863 aliis
1754 2799 1978 2874 verbis,
2028 2818 2145 2880 que
2198 2797 2567 2862 videbuntur
2613 2796 2895 2873 domin03
2963 2798 3210 2862 consili-

488 2888 641 2953 ariis
687 2888 751 2951 et
797 2885 1125 2969 capitibus,
1174 2889 1459 2967 procuret
1521 2905 1707 2968 penes
1770 2888 1974 2968 ipsum
2038 2886 2351 2950 dominum
2416 2886 2849 2966 imperatorem
2897 2884 3056 2949 hanc
3101 2903 3210 2949 no-

487 2978 682 3042 stram
731 2973 1142 3038 intencionem
1191 2975 1254 3036 et
1300 2973 1680 3038 voluntatem
1729 2975 1955 3038 habere
2003 2979 2066 3036 et
2103 2974 2397 3037 obtinere.

698 3059 923 3142 Capta:
970 3078 1183 3123 verum
1231 3079 1369 3124 cum
1418 3079 1625 3126 comes
1672 3063 1735 3126 et
1775 3080 2101 3126 commune
2148 3060 2409 3142 Ragusii
2442 3059 2770 3124 intendant
2816 3060 3033 3124 mitere
3066 3079 3208 3124 suos

486 3150 919 3214 ambaxatores
964 3148 1146 3210 simul
1196 3166 1337 3211 cum
1381 3153 1606 3224 nostro,
1656 3154 1717 3212 et
1764 3166 2018 3212 munera
2047 3149 2169 3230 ipsi
2202 3149 2576 3228 imperatori,
2625 3148 2787 3211 sicut
2833 3164 3043 3210 eorum
3074 3166 3208 3211 am-

490 3238 814 3302 baxatores
860 3232 1188 3313 affirmant,
1234 3235 1438 3298 dictus
1484 3238 1848 3299 ambaxator
1892 3237 2102 3299 noster
2147 3237 2362 3311 eunde,
2412 3236 2579 3315 prius
2632 3234 2813 3298 vadat
2836 3235 3203 3316 Raguxium‚

485 3326 610 3401 ubi,
660 3326 985 3407 postquam
1021 3327 1107 3385 eis
1132 3322 1365 3386 dederit
1401 3322 1691 3386 noticiam
1725 3323 1822 3386 vie
1864 3342 1991 3398 sue,
2041 3322 2252 3387 audiat
2275 3321 2556 3404 querelas
2589 3339 2799 3385 eorum
2825 3323 2889 3384 et
2912 3320 3201 3403 dampna,

486 3432 602 3496 que
648 3411 813 3495 passi
861 3415 1005 3473 sunt
1050 3409 1113 3472 in
1161 3410 1418 3492 imperio
1471 3411 1781 3492 predicte,
1833 3410 1896 3473 in
1940 3410 2159 3510 quibus
2223 3411 2341 3492 ipsi
2404 3411 2626 3491 petunt
2690 3408 3200 3486 satisfactionem,

486 3499 869 3565 informando
916 3516 980 3560 se
1027 3497 1102 3558 de
1148 3496 1291 3572 hiis,
1338 3515 1452 3579 que
1501 3499 1879 3562 neccessaiia
1928 3516 2034 3579 pro
2080 3498 2210 3560 eius
2258 3498 2588 3560 ambaxata
2621 3495 2868 3570 fuerint,
2918 3497 2988 3559 ut
3018 3499 3197 3575 sciat,

487 3587 632 3670 quid
680 3585 907 3650 habeat
947 3583 1166 3660 facere,
1216 3585 1548 3666 quidquam
1614 3589 1824 3666 petat;
1882 3589 1946 3649 et
2007 3588 2220 3668 postea
2281 3587 2678 3665 prosequatur
2738 3581 3023 3646 celeriter
3080 3586 3203 3651 iter

485 3693 697 3748 suam3
746 3677 808 3736 et
854 3673 908 3735 si
955 3671 1243 3736 dominus
1289 3672 1623 3754 imperator
1675 3673 1990 3755 predictus
2052 3671 2427 3736 satisfecerit
2472 3671 2822 3753 Raguxeis,
2887 3673 2998 3734 aut
3061 3693 3206 3738 con-

484 3762 693 3829 cordia
739 3758 1154 3836 intervenerit,
1213 3760 1286 3823 de
1334 3778 1454 3841 qua
1503 3760 1776 3842 Raguxei
1839 3764 2289 3837 contententur,
2349 3760 2649 3824 Venecias
2711 3760 3097 3836 revertatur;
3150 3762 3204 3827 si

486 3854 692 3916 autem
742 3848 1154 3912 intencionem
1203 3848 1475 3911 nostram
1522 3850 1585 3911 et
1630 3848 1903 3929 ipsorum
1952 3847 2433 3929 Raguxinorum,
2481 3864 2632 3928 quas
2689 3865 2870 3928 super
2916 3847 3205 3929 diximuS,

486 3941 565 4003 ab
610 3936 828 4001 eodem
872 3934 1121 3999 domino
1162 3953 1304 4017 rege
1352 3934 1576 3998 habere
1623 3954 1743 3999 non
1804 3935 2036 4016 poterit
2090 3933 2185 3998 vel
2248 3936 2590 4015 complere,
2640 3939 2702 3996 et
2749 3938 2958 3999 essent
3004 3937 3206 4020 alique

486 4025 829 4091 differentis
875 4022 1037 4086 inter
1080 4021 1282 4104 ipsum
1334 4022 1649 4087 dominum
1699 4025 2136 4105 imperatorem
2184 4024 2247 4086 et
2307 4022 2449 4085 illos
2496 4021 2572 4084 de
2620 4022 2926 4104 RaguxiO,
2975 4027 3211 4089 scribat

487 4114 655 4196 ipsas
699 4111 894 4186 nobis,
944 4111 1008 4173 et
1053 4108 1341 4191 quicquid
1385 4109 1601 4174 fecerit
1646 4112 1710 4174 et
1755 4110 2062 4188 habuerit,
2112 4111 2176 4174 et
2222 4128 2404 4192 super
2451 4110 2601 4191 ipsis
2632 4128 2812 4173 suum
2858 4112 3204 4194 consilium,

487 4205 552 4266 et
598 4200 873 4280 expectet
918 4199 1197 4261 nostrum
1237 4197 1613 4261 mandatum.

703 4283 932 4366 Capta:
983 4285 1261 4366 preterea
1308 4285 1521 4349 audiat
1542 4285 1901 4349 ambaxator
1922 4285 2239 4369 predictus
2265 4284 2546 4367 querelas
2593 4287 2942 4350 nostrorum
2979 4289 3208 4354 civium

488 4372 1107 4455 dampnificatornm,
1171 4370 1246 4435 de
1307 4372 1533 4453 quibns
1595 4375 1767 4454 petat
1834 4373 2315 4437 satisfactionem
2372 4374 2436 4435 et
2482 4371 2805 4435 emendam
2871 4377 2947 4439 ab
2995 4379 3209 4441 eodem

484 4461 733 4528 domino
776 4459 1150 4542 imperatore
1192 4460 1253 4523 in
1301 4478 1375 4523 ea
1417 4460 1635 4538 forma,
1685 4461 1846 4524 sicut
1890 4463 1953 4524 et
1998 4461 2241 4543 quando
2288 4458 2595 4524 videbitur
2636 4458 2904 4539 domino,
2958 4465 3211 4529 consili-

481 4550 630 4616 ariis
677 4549 742 4611 et
784 4546 1110 4630 capitibus

426 4693 441 4736 :
496 4684 509 4698 .
695 4633 927 4718 Capta.
992 4633 1218 4698 habere
1280 4633 1464 4698 debet
1533 4634 1733 4698 dictus
1795 4634 2155 4700 ambaxator
2224 4634 2415 4698 libras
2479 4636 2787 4700 trecentas
2848 4655 2958 4718 pro
3004 4639 3206 4705 tribus

428 4655 838 4801 :mensibu8p3
879 4724 944 4787 et
986 4720 1040 4785 si
1085 4720 1251 4786 ultra
1294 4721 1447 4787 duos
1493 4740 1737 4786 menses
1794 4722 2060 4802 steterit,
2124 4721 2354 4786 habeat
2406 4721 2601 4787 libras
2646 4723 3090 4808 quinquaginta
3136 4727 3207 4795 in
