3620 5282
497 333 631 398 154¹

494 513 701 573 vestra
764 510 1033 578 fidelitas
1105 513 1313 578 valeat
1374 513 1596 578 merito
1661 512 2112 588 commendari,
2180 513 2243 576 et
2288 511 2556 595 amplius
2617 513 2890 577 nostram
2960 513 3228 595 gratiam

489 601 849 679 promeveri.

706 686 914 751 Primo
961 708 1226 772 namque
1272 690 1620 755 ordinamus
1670 691 1733 753 et
1780 689 2166 771 precipimuS,
2216 686 2378 769 quod
2427 688 2479 751 si
2528 687 2751 770 aliquis
2801 686 3063 752 alicuius
3092 709 3227 769 pre-

495 772 800 838 dictorum
849 779 1363 842 communitatum
1414 777 1540 841 sive
1587 777 1951 852 insularum,
2002 775 2297 840 videlicet
2344 780 2472 838 tam
2524 774 2758 851 Chersi,
2814 776 3059 854 Auseri,
3103 777 3219 839 Ve-

491 860 611 943 gle,
661 861 840 939 Arbi,
888 884 1070 946 quam
1118 866 1321 948 Paghi
1364 866 1853 947 conquereretur,
1904 863 2062 944 quod
2106 863 2326 926 eidem
2367 862 2665 926 animalia
2728 863 2935 927 furata
3000 865 3231 928 fuerint

491 949 585 1012 vel
633 949 753 1013 alie
792 970 888 1015 res
936 972 1043 1034 per
1087 953 1357 1036 aliquem
1410 953 1505 1016 vel
1551 952 1788 1034 aliquos
1836 951 2096 1015 aliarum
2146 953 2453 1015 terrarum
2517 950 2614 1014 vel
2680 951 3020 1016 insularum
3088 971 3227 1033 pre-

490 1036 817 1115 dictarum,
868 1040 1029 1121 quod
1077 1041 1294 1105 amodo
1343 1041 1404 1103 in
1452 1041 1633 1103 antea
1680 1041 1827 1104 ordo
1877 1039 2305 1120 infrascriptus
2350 1057 2458 1119 per
2505 1057 2717 1102 omnes
2766 1039 3049 1104 totaliter
3120 1039 3229 1103 ob-

491 1127 800 1203 servetur,
863 1127 1182 1206 videlicet,
1232 1128 1391 1210 quod
1453 1128 1506 1191 si
1568 1126 1707 1202 ille,
1759 1126 1865 1210 qui
1919 1126 2352 1190 damnificatus
2414 1125 2635 1204 fuerit,
2700 1127 3055 1208 probaverit
3120 1146 3230 1209 per

493 1230 679 1276 unum
731 1213 957 1278 boumn
1005 1220 1226 1280 testem
1276 1216 1561 1280 idoneum
1612 1215 1708 1280 vel
1756 1236 1865 1297 per
1911 1214 2115 1296 plures
2163 1233 2338 1277 suam
2385 1214 2830 1292 intentionem,
2883 1214 3045 1298 quod
3094 1214 3224 1293 ille,

490 1303 932 1382 contra-quem
985 1305 1104 1367 erit
1149 1304 1505 1368 testificatio
1554 1302 1738 1378 facta,
1813 1303 2141 1367 restituere
2188 1302 2411 1365 debeat
2454 1301 2750 1365 damnum
2800 1304 2861 1366 in
2908 1302 3096 1382 duplo
3146 1302 3224 1366 de

491 1404 581 1462 eo,
629 1388 789 1470 quod
838 1390 1023 1454 fuerit
1076 1393 1418 1474 probatum,
1486 1391 1774 1455 videlicet
1841 1409 1949 1472 pro
2014 1389 2290 1472 quolibet
2352 1408 2453 1453 ore
2520 1392 2582 1452 et
2646 1393 2928 1454 castrone
2993 1389 3227 1454 debeat

493 1475 694 1540 soldos
742 1477 963 1559 viginti
1012 1498 1358 1561 parvorum,
1409 1498 1517 1562 pro
1559 1479 1837 1561 qualibet
1883 1497 2068 1560 capra
2117 1497 2222 1541 seu
2278 1496 2420 1561 yrco
2466 1477 2668 1542 soldos
2731 1477 3031 1542 sexdecim
3081 1497 3226 1560 par-

494 1580 729 1640 vorum,
775 1585 882 1647 pro
928 1567 1205 1648 quolibet
1249 1586 1409 1650 agno
1460 1567 1662 1631 soldos
1709 1567 1923 1630 decern
1972 1567 2035 1630 et
2080 1565 2367 1648 parvulos
2416 1568 2569 1643 octo,
2625 1584 2734 1647 pro
2783 1566 3062 1649 quolibet
3112 1567 3221 1630 edo

476 1640 700 1716 ‘soldos
743 1656 877 1716 octo
925 1673 1273 1736 parvorum,
1323 1656 1386 1719 et
1432 1656 1619 1719 etiam
1667 1655 1824 1737 quod
1873 1652 2075 1717 solvat
2121 1672 2415 1735 expenses
2465 1654 2761 1717 taxandas
2809 1673 2916 1735 per
2963 1654 3221 1732 curiam,

497 1757 604 1819 per
654 1759 837 1821 quam
885 1742 1170 1807 diffinitio
1216 1743 1342 1807 fiet.
1390 1743 1471 1806 Et
1516 1742 1570 1806 si
1614 1742 1792 1806 testis
1842 1742 2106 1805 nesciret
2167 1760 2493 1804 numerum
2539 1741 2688 1805 dicti
2754 1740 3010 1819 damni,
3076 1743 3224 1805 tunc

490 1827 775 1890 credatur
822 1833 1207 1895 sacramento
1250 1831 1489 1912 patroni
1539 1829 1844 1894 dictorum
1893 1828 2256 1892 animalium
2303 1831 2367 1893 et
2410 1829 2539 1892 eius
2567 1829 2865 1905 bravari0,
2917 1830 2982 1893 et
3028 1830 3219 1893 etiam

490 1914 773 1978 teneatur
820 1917 1184 1982 tantundem
1233 1920 1466 1982 solvere
1513 1936 1621 1983 suo
1667 1916 2001 1993 communi,
2049 1915 2152 1981 ubi
2203 1916 2511 1980 sententia
2556 1916 2745 1980 fuerit
2791 1916 2972 1993 facta,
3024 1934 3220 1998 quan-

488 2004 620 2064 tum
671 2003 927 2068 solverit
973 2005 1088 2083 illi,
1138 2007 1236 2089 qui
1280 2006 1573 2068 damnum
1624 2005 1942 2087 receperit.
2007 2004 2164 2067 Item
2210 2004 2260 2067 si
2310 2023 2453 2086 pars
2500 2004 2894 2068 damnificata
2956 2003 3215 2086 probare

485 2106 603 2153 non
653 2091 882 2172 peterit
928 2113 1035 2173 per
1082 2113 1271 2157 unum
1321 2095 1545 2157 testem
1594 2093 1693 2157 vel
1742 2092 1968 2174 plureS,
2018 2094 2088 2155 ut
2136 2110 2323 2173 supra
2370 2092 2605 2155 dictum
2639 2094 2753 2169 est,
2802 2094 2864 2156 et
2911 2091 3220 2156 inveniret

489 2196 677 2242 unum
728 2180 965 2244 animal
1010 2181 1105 2245 vel
1154 2182 1331 2262 plura
1377 2181 1624 2263 signata
1669 2200 1776 2243 suo
1824 2181 2018 2262 signo,
2066 2179 2165 2243 vel
2219 2180 2524 2243 inveniret
2592 2198 2777 2243 unam
2841 2178 3070 2262 pellem
3119 2176 3218 2243 vel

487 2264 696 2346 plures
743 2285 851 2331 suo
898 2269 1076 2351 signo
1122 2271 1400 2352 signatas
1449 2271 1513 2333 et
1558 2268 1807 2343 diceret,
1859 2287 1923 2332 se
1973 2269 2279 2349 recepisse
2329 2267 2528 2330 maius
2565 2266 2857 2331 damnum
2908 2286 3000 2345 eo,
3050 2267 3217 2350 quod

482 2351 787 2417 invenerit
833 2356 893 2418 in
945 2357 1228 2420 manibus
1278 2357 1426 2433 eiuS,
1477 2358 1637 2437 quod
1684 2358 1833 2420 ωηο
1872 2356 2156 2419 credatur
2202 2359 2591 2419 sacramento
2616 2356 2854 2437 patroni
2906 2355 3215 2419 dictorum

482 2440 845 2505 animalium
895 2446 958 2507 et
1008 2446 1137 2508 eius
1186 2444 1489 2519 bravario,
1532 2446 1595 2508 et
1646 2443 1721 2507 de
1768 2445 1866 2508 tot
1927 2442 2334 2520 animalibuS,
2386 2444 2530 2525 quot
2576 2443 2916 2507 iuraverint
2962 2442 3070 2508 ille
3118 2443 3217 2507 vel

486 2526 600 2604 illi,
650 2528 711 2591 in
761 2548 1019 2612 quorum
1068 2532 1353 2596 manibus
1403 2532 1569 2596 dicta
1614 2531 1910 2596 animalia
1957 2530 2053 2595 vel
2086 2530 2277 2612 pelles
2309 2531 2555 2594 invente
2590 2530 2840 2608 fuerint,
2889 2533 3216 2594 teneantur

483 2614 718 2704 solvere
763 2617 824 2681 in
872 2617 1170 2701 dupplum
1212 2622 1486 2702 patrono,
1537 2621 1600 2684 et
1642 2618 2006 2684 tantundem
2072 2617 2271 2683 solvet
2316 2617 2380 2682 in
2427 2617 2560 2681 eius
2608 2636 2952 2684 commune.
3022 2618 3212 2681 Intel-

483 2703 729 2785 ligendo
779 2725 1038 2788 semper,
1087 2710 1245 2790 qnod
1296 2709 1549 2789 probare
1613 2707 1835 2771 debeat
1896 2706 2062 2770 dicta
2124 2705 2418 2769 animalia
2478 2706 2575 2769 vel
2626 2707 2813 2788 pelles
2863 2726 3005 2770 suas
3055 2725 3210 2771 esse.

488 2791 666 2868 Item,
711 2795 870 2874 quod
919 2796 970 2857 si
1020 2795 1124 2860 ille
1172 2798 1267 2860 vel
1314 2796 1427 2873 illi,
1479 2797 1539 2859 in
1586 2814 1842 2878 quorum
1892 2793 2175 2858 manibus
2222 2795 2471 2858 inventa
2513 2796 2721 2857 essent
2767 2793 3065 2859 animalia
3113 2795 3211 2859 vel

454 2879 678 2960 ‘pelles
727 2882 1018 2962 predicte,
1072 2884 1319 2961 diceret,
1370 2904 1433 2947 se
1476 2885 1698 2947 emisse
1746 2882 2044 2947 animalia
2090 2884 2185 2947 vel
2235 2881 2426 2963 pelles
2454 2883 2758 2964 predictas
2792 2883 2870 2946 ab
2912 2900 3032 2947 uuo
3065 2882 3210 2961 alio,

488 2969 553 3029 et
600 2968 690 3030 sic
738 2987 871 3033 esse
921 2989 1133 3035 verum
1182 2972 1487 3053 probaret,
1526 2973 1671 3034 tunc
1736 2972 2023 3035 teneatur
2084 2970 2228 3034 dare
2293 2971 2354 3032 in
2421 2971 2706 3036 manibus
2772 2969 3208 3035 dominationis

488 3053 685 3128 illum,
737 3057 840 3138 qni
887 3059 1229 3123 vendiderit
1277 3059 1330 3122 ei
1380 3058 1677 3141 predicta,
1726 3060 1790 3123 et
1832 3076 1902 3122 eo
1953 3060 2093 3122 dato
2142 3058 2204 3121 in
2254 3057 2540 3121 manibus
2572 3059 3026 3136 dominationiS,
3061 3058 3210 3139 ipse,

487 3141 544 3203 in
593 3142 765 3205 cuius
814 3144 1102 3210 manibus
1150 3147 1381 3211 fuerint
1404 3147 1604 3229 primo
1632 3145 1906 3228 predicta
1941 3146 2210 3223 inventa,
2245 3145 2619 3223 licentietur,
2661 3149 2724 3211 et
2770 3149 2981 3210 contra
3019 3144 3212 3209 alium

483 3228 867 3309 procedatur,
915 3241 973 3295 et
1020 3234 1069 3297 si
1119 3235 1326 3316 ipsum
1373 3235 1519 3298 dare
1569 3253 1687 3298 non
1734 3236 1943 3316 posset
1989 3233 2050 3295 in
2100 3231 2388 3297 manibus
2436 3234 2910 3310 dominationiS,
2960 3234 3024 3297 et
3069 3251 3209 3315 pro-

484 3314 677 3392 baret,
727 3322 883 3398 quod
932 3320 1132 3385 eidem
1182 3343 1288 3403 per
1333 3321 1535 3404 ipsum
1586 3321 1751 3386 dicta
1795 3321 1942 3386 data
1990 3321 2087 3384 vel
2137 3320 2385 3384 vendita
2419 3324 2642 3398 essent,
2691 3324 2837 3386 ωηο
2879 3320 3204 3384 restituere

483 3403 710 3468 debeat
755 3405 1150 3473 damnificato
1198 3410 1389 3485 illud,
1448 3410 1602 3490 quod
1674 3409 1872 3472 eidem
1937 3409 2152 3471 datum
2217 3408 2315 3472 vel
2362 3409 2683 3472 venditum
2746 3410 2912 3472 esset
2973 3407 3203 3488 absque

481 3490 686 3573 aliquo
728 3494 943 3575 pretio,
994 3498 1058 3560 et
1102 3498 1500 3561 nihilominus
1545 3496 1979 3561 damnificatus
2027 3495 2220 3578 possit
2283 3495 2509 3560 habere
2572 3514 2920 3579 regressum
2989 3496 3201 3558 contra

481 3579 942 3646 malefactorem
993 3584 1359 3664 predictum.
1408 3586 1566 3649 Item
1615 3584 1777 3666 quod
1827 3602 1968 3648 cum
2018 3584 2324 3648 sententia
2386 3583 2515 3648 lata
2561 3583 2747 3648 fuerit
2811 3583 3023 3647 contra
3070 3600 3201 3645 ma-

478 3667 855 3745 lefactorem,
906 3673 969 3734 et
1016 3673 1159 3736 talis
1207 3672 1690 3754 condempnatus
1737 3690 1856 3736 non
1905 3672 2071 3735 esset
2116 3671 2425 3735 sufficiens
2490 3672 2567 3735 ad
2615 3669 2979 3735 solvendum
3026 3688 3203 3733 suam

477 3756 1110 3839 condempnationem,
1162 3762 1311 3823 tunc
1358 3763 1638 3825 teneatur
1684 3760 1829 3822 dare
1863 3758 2081 3823 bonam
2132 3759 2501 3841 plezariam,
2551 3777 2734 3840 quam
2793 3757 2845 3822 si
2893 3758 3037 3823 dare
3087 3776 3204 3821 non

478 3844 722 3924 poterit,
773 3847 918 3910 tunc
966 3850 1227 3928 ponatur
1291 3849 1350 3911 in
1416 3847 1762 3912 carceribus
1824 3848 2208 3920 communis3
2275 3848 2338 3910 et
2396 3846 2447 3910 si
2513 3846 2982 3928 condempnatio
3039 3846 3204 3910 facta

474 3932 834 3996 ascenderet
874 3935 949 3998 ad
999 3936 1267 3999 valorem
1317 3935 1631 4000 soldorum
1681 3953 2034 4017 grossorum
2084 3935 2181 3998 vel
2227 3936 2305 3998 ab
2350 3934 2491 3998 inde
2540 3953 2740 4017 supra,
2790 3934 3204 4017 suspendatur

478 4019 841 4084 malefactor
885 4042 989 4103 per
1035 4023 1271 4105 gullam
1299 4023 1530 4098 taliter,
1577 4023 1736 4105 quod
1789 4023 2105 4100 moriatur,
2157 4025 2218 4087 et
2264 4040 2301 4084 a
2347 4022 2538 4087 soldis
2588 4023 2809 4106 viginti
2843 4041 3195 4106 grossorum

474 4125 657 4187 supra
704 4128 892 4191 nsque
940 4111 1017 4174 ad
1066 4111 1384 4193 sexaginta
1434 4112 1552 4174 sibi
1617 4112 1968 4175 abscidatur
2016 4130 2171 4174 unus
2222 4110 2485 4193 pedum,
2536 4114 2600 4176 et
2651 4130 2688 4174 a
2731 4112 2920 4176 soldis
2982 4110 3201 4194 viginti

475 4210 826 4274 grossorum
882 4198 1039 4261 infra
1087 4198 1390 4263 frustetur
1437 4201 1499 4263 et
1549 4199 1858 4274 bulletur3
1909 4217 2096 4281 quam
2144 4198 2761 4281 condempnationem
2809 4200 2862 4263 si
2911 4218 3027 4264 non
3076 4197 3201 4262 sol-

477 4281 633 4343 verit
678 4282 740 4345 in
791 4285 1053 4348 termino
1100 4288 1235 4350 octo
1280 4287 1517 4349 dierum
1570 4289 1897 4368 postquam
1946 4285 2356 4350 sententiatus
2405 4287 2628 4364 fuerit,
2680 4292 2825 4352 tunc
2872 4288 3018 4351 talis
3068 4307 3202 4349 ma·

475 4366 731 4431 lefactor
779 4371 1070 4451 puniatur
1117 4373 1523 4454 personaliter
1589 4375 1919 4438 secundum
1985 4374 2359 4438 seutentiam
2419 4375 2859 4457 supradictam.
2933 4376 3094 4439 Item
3144 4375 3197 4439 si

432 4517 435 4518 a
474 4453 698 4536 aliquis
748 4458 1211 4524 malefactorum
1262 4461 1564 4526 dictorum
1612 4462 1866 4539 diceret,
1914 4480 1977 4525 se
2026 4461 2313 4525 habuisse
2353 4463 2594 4544 aliquos
2642 4464 2835 4528 socios
2885 4481 3108 4546 ponere
3134 4465 3198 4527 et

474 4541 618 4606 dare
668 4543 726 4605 in
778 4547 1062 4611 manibus
1110 4549 1565 4626 dominationis,
1614 4552 1677 4614 et
1724 4550 1774 4612 si
1819 4549 1976 4613 tales
2041 4547 2303 4613 confessi
2366 4549 2630 4630 fuerint,
2691 4570 2904 4616 verum
2951 4569 3083 4615 esse
3130 4570 3197 4615 se

473 4629 660 4694 fuisse
704 4650 845 4695 cum
900 4635 1028 4711 illo,
1080 4635 1178 4700 vel
1226 4638 1276 4701 si
1324 4641 1640 4718 negarent,
1691 4639 1754 4700 et
1800 4637 1906 4701 ille
1956 4635 2278 4717 probaret,
2329 4639 2489 4718 quod
2553 4640 2700 4704 ωηο
2762 4640 2918 4703 tales
2984 4657 3194 4703 omnes

476 4716 904 4786 malefactores
952 4723 1257 4806 equaliter
1303 4728 1502 4789 toturn
1551 4724 1847 4788 damnum
1894 4724 2131 4788 solvere
2162 4723 2447 4804 debeant,
2498 4727 2594 4791 vel
2640 4726 3048 4809 personaliter
3080 4745 3193 4810 pu-
