3620 5282
462 357 591 424 338

458 535 630 598 ratur
675 530 1005 613 diligenter
1049 549 1158 612 per
1203 530 1435 595 dictum
1486 527 1797 593 notarium
1853 529 2086 592 iturum
2132 527 2300 604 illuc,
2351 528 2416 592 et
2461 528 2513 591 si
2563 546 2668 609 per
2715 528 3181 610 inquisitionem

460 621 613 685 dicti
659 616 884 684 notarii
928 620 1286 699 reperietur,
1336 617 1613 699 aliquam
1661 617 1984 698 pecuniam
2030 632 2166 678 0330
2212 616 2532 697 acceptam
2597 614 2698 682 vel
2744 619 3051 682 extortam
3102 618 3179 682 ab

460 707 774 790 aliquibus
820 704 1174 771 hominibus
1221 705 1385 770 dicte
1432 707 1596 769 terre
1657 704 1873 769 contra
1936 703 2318 767 voluntatem
2382 721 2592 768 eorum
2654 703 2768 767 sub
2818 706 3064 769 nomine
3117 706 3183 770 et

461 794 775 861 occasione
822 792 988 858 dicte
1029 793 1305 871 collecte,
1357 812 1427 856 ex
1473 810 1633 856 nunc
1680 795 1883 856 totum
1931 789 2012 869 id,
2069 789 2227 872 quod
2276 789 2647 872 reperiretur
2693 810 2827 856 esse
2876 794 3187 857 extortum

460 883 558 951 vel
584 882 922 962 ‘acceptum
969 881 1279 964 aliquibus
1342 880 1653 961 ipsorum,
1723 878 1957 944 eisdem
2020 896 2161 942 cum
2225 878 2584 961 integritate
2647 879 3018 944 restituatur
3076 899 3187 963 per

460 971 601 1035 illos
647 970 935 1052 quinque,
983 970 1087 1051 qui
1133 968 1585 1050 extorquissent
1633 966 1728 1031 vel
1776 964 2162 1049 accepissent
2209 965 2533 1047 pecuniam
2581 968 2980 1032 antedictam.

673 1056 872 1139 Super
916 1057 1108 1121 tercio
1155 1055 1427 1138 capitulo
1473 1054 1865 1137 conqueritur
1922 1056 1986 1117 et
2030 1055 2273 1135 exponit
2316 1053 2692 1118 Michaletus
2753 1054 3032 1136 prefatus
3078 1074 3183 1121 no·

462 1147 627 1211 mine
673 1144 972 1228 predicto,
1011 1143 1171 1226 quod
1220 1142 1557 1209 secundum
1603 1143 1892 1224 antiquas
1940 1143 2003 1206 et
2054 1141 2244 1206 bonas
2289 1142 2764 1206 consuetudines
2807 1142 2969 1208 dicte
3015 1145 3179 1209 terre

462 1234 671 1299 nullus
717 1233 925 1315 potest
969 1249 1102 1296 esse
1150 1251 1261 1297 nec
1307 1230 1438 1296 fieri
1487 1229 1562 1293 de
1610 1230 1830 1295 maiori
1877 1228 2133 1293 consilio
2179 1229 2342 1294 dicte
2389 1231 2551 1293 terre
2595 1229 2713 1294 nisi
2759 1230 3048 1295 habuerit
3080 1250 3191 1314 pa·
3279 1244 3294 1257 ⁸

462 1325 624 1385 trem
669 1320 770 1385 vel
814 1338 1016 1397 avum,
1064 1319 1170 1401 qui
1210 1318 1398 1383 suerit
1442 1320 1517 1383 de
1563 1317 1726 1383 dicto
1774 1316 2049 1394 consilio,
2110 1319 2177 1381 et
2222 1317 2382 1399 quod
2444 1317 2540 1381 illi
2602 1316 2677 1382 de
2724 1318 2979 1383 consilio
3029 1317 3186 1383 Cru-

463 1409 592 1474 zole
639 1411 852 1473 contra
895 1406 1085 1470 bonas
1132 1408 1197 1471 et
1241 1405 1526 1488 antiquas
1577 1405 2053 1470 consuetudines
2101 1404 2408 1485 predictas
2469 1423 2630 1469 1111110
2691 1408 2904 1470 contra
2969 1406 3186 1471 volun-

465 1500 665 1562 tatem
713 1496 777 1559 et
823 1495 1143 1559 libertates
1168 1494 1317 1558 dicti
1342 1492 1587 1557 comitis
1613 1491 1945 1576 elligerunt
1990 1495 2053 1556 et
2083 1492 2368 1575 elligunt,
2418 1510 2568 1573 quos
2593 1491 2825 1572 volunt,
2874 1494 2949 1558 de
2974 1513 3189 1559 eorum

467 1583 686 1648 maiori
734 1580 1009 1659 consilio,
1054 1583 1118 1646 et
1163 1583 1375 1664 postea
1417 1582 1583 1664 ipsos
1630 1580 1866 1645 faciunt
1913 1580 1975 1643 in
2021 1579 2187 1644 dicto
2236 1579 2455 1644 maiori
2513 1579 2768 1644 consilio
2813 1582 3185 1646 confirmari.

677 1669 874 1752 Super
920 1670 1191 1750 presenti
1238 1667 1528 1751 capitulo,
1577 1668 1790 1733 audita
1839 1669 2227 1749 responsione
2275 1666 2427 1731 dicti
2471 1666 2726 1750 Syrachi
2771 1668 3188 1734 ambaxatoris

475 1759 735 1823 dicentis
784 1758 848 1821 et
894 1758 1200 1840 alegantis
1246 1756 1410 1821 inter
1455 1756 1598 1834 alia,
1647 1756 1806 1838 quod
1854 1756 2109 1837 antiqua
2154 1755 2528 1820 consuetudo
2575 1754 2697 1820 fuit
2741 1757 2804 1820 et
2852 1758 2967 1836 est,
3027 1757 3186 1840 quod

463 1846 559 1910 illi
605 1847 681 1910 de
729 1842 984 1909 consilio
1053 1844 1305 1910 Cruzole
1370 1843 1705 1926 elligerunt
1769 1843 1833 1906 et
1886 1845 2210 1924 potuerunt
2278 1842 2564 1925 elligere,
2615 1862 2767 1924 quos
2828 1842 3066 1923 volunt,
3112 1845 3187 1909 de

465 1934 628 1998 dicto
676 1932 953 2010 consilio,
1004 1933 1069 1995 et
1112 1932 1327 2014 postea
1373 1930 1607 1995 faciunt
1657 1931 1821 2013 ipsos
1868 1931 2126 2011 ellectos
2174 1930 2235 1994 in
2281 1930 2447 1995 dicto
2494 1929 2748 1995 consilio
2797 1932 3184 2010 confirmari;

463 2020 795 2086 consulunt
845 2020 1156 2101 sapientes
1203 2018 1482 2100 predicti,
1530 2017 1686 2098 quod
1735 2017 1798 2081 in
1844 2017 1957 2083 hoc
1990 2019 2309 2083 serventur
2339 2017 2812 2082 consuetudines
2845 2019 3186 2101 antiquate,

463 2111 538 2173 de
584 2107 805 2190 quibus
867 2105 1408 2171 consuetudinibus
1469 2106 1631 2169 dicto
1691 2105 2023 2187 diligenter
2085 2105 2357 2186 inquirat
2416 2107 2480 2170 et
2549 2106 2860 2171 examinet
2907 2107 3188 2172 notarius

462 2196 665 2261 iturus
711 2195 877 2259 illuc.
926 2194 1011 2258 Et
1057 2193 1107 2257 si
1157 2192 1633 2258 consuetudines
1681 2194 1917 2257 notario
1960 2192 2243 2257 defficere
2291 2193 2666 2272 viderentur,
2718 2196 2878 2276 quod
2925 2194 3036 2273 illi,
3081 2194 3191 2277 qui

466 2283 618 2349 fient
662 2282 738 2347 de
787 2283 992 2347 cetero
1037 2280 1112 2345 de
1150 2280 1316 2346 dicto
1363 2279 1639 2359 consilio,
1689 2279 1840 2344 fiant
1886 2281 2085 2345 solum
2118 2280 2211 2344 illi
2247 2281 2344 2345 vel
2376 2281 2452 2345 de
2484 2281 2632 2359 illis,
2682 2282 2787 2363 qui
2833 2282 3186 2348 habuerunt

464 2371 541 2435 de
585 2369 753 2435 dicto
800 2368 1054 2432 consilio
1103 2368 1340 2449 patrem
1389 2367 1485 2431 vel
1531 2387 1736 2433 avum.

680 2457 879 2538 Super
924 2458 1144 2537 quarto
1192 2454 1463 2537 capitulo
1511 2456 1759 2537 exponit
1805 2456 1869 2519 et
1905 2455 2295 2537 conqueritur
2320 2454 2694 2520 Michaletus
2742 2456 3052 2538 predictus
3083 2475 3191 2522 no-

465 2547 632 2610 mine
679 2544 1008 2626 sepedicto,
1050 2543 1215 2624 quod
1257 2542 1454 2607 maior
1501 2561 1645 2626 pars
1692 2542 2014 2607 hominum
2080 2541 2335 2607 Cruaole
2397 2542 2821 2625 relinquerunt
2866 2545 3077 2609 domos
3123 2547 3189 2611 et

469 2632 891 2699 habitaciones
938 2649 1184 2708 eorum,
1234 2650 1383 2714 quas
1428 2629 1743 2695 habebant
1804 2630 1866 2695 in
1934 2629 2223 2709 civitate,
2289 2632 2354 2696 et
2396 2631 2641 2696 iverunt
2688 2630 3035 2698 habitatum
3084 2654 3191 2717 per

472 2719 740 2786 insulam
792 2721 853 2783 et
913 2738 1022 2802 per
1080 2719 1236 2783 alias
1298 2721 1506 2800 partes
1572 2717 1869 2783 territorii
1918 2716 2240 2782 Cruzolani
2302 2720 2388 2782 sic
2451 2722 2514 2782 et
2573 2718 2636 2782 in
2684 2722 2965 2798 tantum,
3027 2721 3188 2804 quod

472 2809 637 2874 diota
684 2807 904 2872 civitas
950 2809 1045 2872 est
1092 2806 1259 2871 ultra
1304 2806 1584 2870 debitum
1632 2804 2007 2888 depopulata
2051 2806 2339 2888 gentibus
2386 2809 2449 2870 et
2492 2825 2601 2888 per
2646 2825 3017 2891 consequens
3050 2828 3189 2891 pos-

473 2897 572 2961 set
615 2895 855 2974 leviter,
904 2896 1062 2977 quod
1108 2894 1257 2957 deus
1324 2895 1602 2971 avertat,
1668 2911 1984 2957 occurrere
2028 2893 2372 2974 periculum
2430 2894 2494 2957 et
2552 2893 2876 2959 sinistrum
2937 2899 3188 2979 propter

465 2984 843 3066 paucitatem
896 2983 1180 3064 gencium
1227 2982 1644 3063 predictarum
1694 2982 2158 3046 remaneucium
2202 2981 2266 3044 in
2311 2982 2583 3047 civitate.

682 3070 878 3152 Super
921 3070 1195 3151 presenti
1252 3069 1526 3152 capitulo
1588 3069 1918 3133 consulunt
1973 3069 2281 3149 sapientes
2345 3069 2758 3148 concorditer,
2822 3071 3034 3134 audita
3089 3091 3189 3136 re-

469 3156 787 3239 sponsione
835 3156 1245 3220 ambaxatoris
1303 3157 1595 3238 predicti,
1662 3157 1824 3238 quod
1867 3155 2150 3219 dominus
2211 3174 2416 3220 comes
2464 3155 2737 3239 prefatus
2799 3173 2939 3221 cum
2988 3160 3186 3224 tribus

468 3243 789 3318 iudicibuS,
841 3262 991 3326 quos
1038 3243 1244 3321 habet,
1294 3246 1359 3307 et
1404 3263 1545 3308 cum
1591 3243 1730 3308 aliis
1775 3245 1976 3308 tribus
2018 3261 2127 3324 per
2172 3261 2352 3307 suum
2401 3244 2600 3309 maius
2665 3245 2992 3309 consilium
3041 3247 3180 3311 elli·

466 3330 681 3413 gendis
730 3330 806 3393 de
853 3330 1205 3396 melioribus
1247 3331 1311 3395 et
1357 3330 1898 3395 sufficientioribus
1939 3331 2299 3414 provideant
2344 3334 2409 3395 et
2452 3331 2807 3396 examinent
2845 3332 3178 3416 diligenter

464 3417 907 3501 possibilitates
952 3421 1016 3482 et
1064 3418 1441 3482 condiciones
1487 3418 1808 3483 hominum
1857 3421 1921 3482 et
1965 3436 2362 3500 personarum
2411 3418 2647 3495 deinde,
2698 3422 2761 3484 et
2806 3419 3036 3486 saciant
3076 3442 3182 3505 pe-

464 3506 631 3570 nitus
678 3523 821 3569 cum
867 3505 979 3569 illa
1019 3506 1137 3584 via,
1184 3506 1363 3570 modo
1409 3507 1474 3570 et
1527 3524 1667 3570 cum
1718 3506 1845 3570 illis
1907 3506 2115 3587 penis,
2178 3507 2244 3570 et
2287 3506 2351 3570 in
2396 3506 2507 3571 illa
2565 3508 2955 3587 quantitate,
3018 3510 3185 3576 sicut

463 3594 694 3660 eisdem
740 3593 836 3657 vel
884 3592 1099 3656 maiori
1144 3593 1305 3674 parti
1350 3595 1625 3675 ipsorum
1669 3594 2030 3657 conveniens
2076 3593 2390 3672 videatur,
2440 3594 2602 3675 quod
2663 3614 2916 3676 persone
2958 3598 3177 3664 deinde

462 3681 680 3747 diffuse
725 3699 835 3763 per
879 3679 1166 3757 insulam,
1215 3682 1469 3746 redeant
1512 3681 1865 3746 habitatum
1910 3681 1986 3744 ad
2031 3680 2370 3758 civitatem,
2415 3681 2631 3746 dantes
2656 3683 2849 3746 talem
2896 3686 3174 3751 ordinem

464 3770 529 3835 in
575 3768 905 3852 predictis,
965 3767 1122 3850 quod
1186 3767 1319 3850 ipsa
1374 3769 1591 3833 civitas
1653 3768 1866 3832 taliter
1911 3767 2282 3849 depopulata
2346 3766 2713 3834 reformetur
2769 3772 2833 3835 et
2878 3776 3179 3854 augeatur

464 3877 573 3942 pro
627 3857 979 3934 securitate,
1042 3856 1269 3921 honore
1316 3857 1380 3921 et
1423 3855 1892 3922 conservacione
1956 3854 2187 3937 ipsius,
2248 3855 2410 3921 sicut
2472 3857 2560 3921 eis
2610 3858 2705 3921 vel
2752 3859 2971 3924 maiori
3018 3862 3182 3942 parti

464 3964 694 4023 eorum,
740 3946 813 4008 ut
857 3963 1061 4027 supra,
1113 3943 1333 4008 melius
1380 3946 1444 4008 et
1475 3944 1700 4008 abilius
1746 3943 2091 4025 apparebit.

676 4032 871 4114 Super
916 4032 1129 4113 quinto
1174 4032 1446 4113 capitulo
1495 4031 1893 4113 conqueritur
1939 4032 2004 4095 et
2048 4030 2296 4113 exponit
2341 4050 2440 4095 ser
2486 4030 2866 4098 Michaletus
2902 4034 3180 4117 prefatus

465 4120 710 4184 nomine
755 4119 1032 4202 predicto
1076 4119 1141 4181 in
1186 4121 1500 4200 presencia
1544 4118 1697 4183 dicti
1756 4118 2207 4196 ambaxatoriS‚
2273 4117 2435 4201 quod
2493 4118 2642 4183 dum
2702 4121 2835 4202 ipse
2894 4121 3180 4205 dominus

464 4226 669 4272 comes
706 4212 883 4288 pater
929 4206 1061 4270 eius
1111 4206 1275 4270 esset
1320 4225 1461 4271 cum
1510 4206 1636 4270 suis
1679 4205 1985 4270 iudicibus
2031 4206 2093 4271 in
2142 4223 2287 4271 casu
2333 4206 2595 4272 racionis
2656 4208 2993 4289 reddendo,
3044 4212 3179 4294 qui-

462 4293 609 4357 dam
655 4295 805 4358 civis
852 4292 1124 4370 Cruzole,
1172 4295 1276 4375 qui
1324 4295 1576 4358 vocatur
1606 4293 1904 4358 Redetico
1949 4293 2249 4368 Misitich‚
2298 4312 2441 4358 cum
2486 4293 2799 4376 aliquibus
2848 4296 2992 4363 aliis
3025 4298 3180 4364 Cru-

465 4380 597 4445 zole
643 4382 1124 4462 supervenerunt
1169 4399 1311 4445 cum
1352 4381 1594 4464 magnis
1640 4381 2015 4445 clamoribus
2055 4399 2259 4445 coram
2308 4380 2470 4445 dicto
2523 4381 2768 4456 comite,
2813 4388 3181 4468 occupantes

452 4469 531 4531 et
574 4465 889 4532 deviantes
934 4469 1138 4551 ipsum
1187 4468 1477 4533 comitem
1535 4471 1599 4532 et
1650 4469 1780 4533 eius
1846 4468 2077 4533 iudices
2145 4486 2181 4532 a
2226 4467 2451 4534 iudicio
2511 4470 2749 4535 incoato
2813 4491 2923 4553 per
2987 4474 3178 4556 ipsos,

463 4555 714 4638 propter
760 4555 920 4636 quod
965 4557 1096 4637 ipse
1139 4573 1343 4620 comes
1390 4557 1705 4622 mandavit
1751 4557 1867 4621 sub
1914 4558 2085 4620 certa
2134 4574 2289 4637 pena
2333 4556 2645 4638 predicto,
2710 4560 2871 4641 quod
2919 4561 3182 4627 deberet

463 4658 699 4707 cessare
747 4643 825 4704 ab
871 4640 1221 4706 huiusmodi
1267 4643 1650 4708 novitatibus
1698 4646 1761 4708 et
1824 4642 2232 4718 clamoribus;
2298 4645 2401 4725 qui
2467 4647 2760 4727 tanquam
2822 4647 3179 4716 inobediens

463 4729 699 4813 sprevit
736 4730 1030 4792 mandata
1075 4728 1225 4793 dicti
1266 4731 1533 4810 comitia,
1576 4750 1686 4796 nec
1731 4731 1931 4795 eidem
1980 4730 2174 4795 voluit
2218 4729 2282 4794 in
2328 4732 2534 4815 aliquo
2567 4733 2836 4815 obedire,
2884 4737 3044 4820 quod
3075 4741 3174 4806 est

461 4817 679 4886 contra
723 4817 1012 4882 honorem
1056 4834 1237 4882 suum
1282 4817 1348 4883 et
1390 4818 1489 4884 sui
1531 4817 1855 4902 regiminis
1901 4816 2257 4902 supradicti.
3089 4833 3092 4834 ’
