3620 5282
2954 358 3083 426 383

360 531 531 595 sione
577 551 708 610 sua,
758 533 821 595 et
864 530 1031 609 aliis,
1078 531 1311 615 quibus·
1347 550 1596 596 necesse
1644 533 1742 595 est
1786 531 1917 595 dari
1965 533 2259 607 ordinem,
2309 533 2731 613 providebitur
2772 553 2880 615 per
2913 534 3079 597 istud

361 620 687 684 consilium
734 622 877 684 ante
925 639 1105 684 suum
1179 640 1511 685 recessum.
1584 620 1676 683 De
1747 623 1920 701 parte
1991 620 2094 696 28,
2146 618 2246 697 32,
2296 620 2371 683 de
2419 639 2533 684 non
2585 623 2645 700 4,
2697 641 2810 685 nou
2860 623 3081 686 sinceri

368 708 467 785 15,
516 708 576 773 9.

449 818 628 877 Misce·
679 814 938 879 XLIII.
990 820 1136 893 146,
1184 836 1226 876 u
1270 818 1423 875 mlet‘
1472 818 1708 876 arkivu.

758 1007 1151 1090 DXXVI.
1207 1006 1412 1090 God.
1469 1007 1696 1090 1396.
1754 1007 1798 1087 1
1853 1007 2139 1107 ruina,
2193 1028 2252 1086 u
2309 1006 2696 1090 Mletcih.

574 1150 1019 1226 Terminatum‚
1068 1149 1227 1230 quod
1275 1149 1541 1230 eligatur
1588 1152 1861 1231 potestas
1910 1147 2183 1212 Drivasti
2236 1167 2343 1230 per
2373 1147 2528 1212 duos
2576 1167 2767 1213 annos
2811 1169 2950 1214 cum
2977 1169 3080 1215 sa-

365 1239 518 1303 lario
565 1239 867 1303 librarum
917 1238 1179 1319 triginta
1219 1254 1575 1319 grossorum
1623 1239 1681 1300 in
1730 1254 1910 1312 anno,
1960 1236 2223 1300 tenendo
2270 1237 2398 1300 suis
2441 1239 2721 1319 expensis
2746 1241 3076 1314 notarium,

364 1328 513 1391 duos
586 1325 960 1402 domicelloS‚
1041 1329 1348 1408 ragatium
1426 1344 1498 1388 ac
1572 1328 1694 1389 tres
1771 1342 1996 1407 equos;
2075 1344 2185 1389 nec
2253 1325 2452 1408 possit
2498 1326 2776 1407 accipere
2824 1331 3077 1405 donum,

368 1434 476 1479 nec
522 1416 638 1479 sibi
689 1412 1037 1495 apropriare
1082 1415 1364 1496 regaliaS‚
1410 1433 1604 1496 neque
1650 1414 1850 1476 facere
1900 1415 2305 1477 mercationes
2354 1433 2462 1496 per
2508 1432 2571 1476 se
2599 1414 2692 1477 vel
2728 1434 2830 1495 per
2861 1416 3075 1492 alium,

369 1508 432 1567 et
480 1504 723 1567 recedat
770 1505 841 1565 ad
894 1502 1344 1581 beneplacitum
1392 1502 1681 1575 dominii3
1730 1500 1944 1565 sedeat
1975 1504 2086 1577 „ad
2123 1503 2428 1565 banchum
2465 1501 2540 1564 ad
2572 1500 2674 1583 jus
2710 1502 3080 1566 reddendum

368 1593 532 1655 omni
584 1590 683 1653 die
728 1591 885 1660 lune,
933 1591 1218 1653 mercurii
1267 1594 1331 1653 et
1379 1590 1617 1654 veneris
1664 1588 1739 1652 de
1784 1608 1963 1653 mane
2014 1609 2200 1672 usque
2245 1591 2318 1652 ad
2368 1590 2590 1653 tercias
2637 1590 2713 1652 ad
2764 1591 2982 1664 minue,
3019 1594 3082 1654 et

371 1680 662 1743 similiter
710 1682 849 1759 post
875 1678 1197 1759 prandium
1227 1698 1415 1760 usque
1451 1697 1789 1759 vesperum,
1844 1679 1938 1740 die
1987 1696 2125 1742 vero
2164 1679 2377 1741 martis
2411 1681 2474 1740 et
2503 1677 2656 1741 iovis
2691 1678 3079 1742 solummodo

376 1770 656 1831 teneatur
703 1774 845 1848 post
894 1766 1219 1848 prandium
1263 1767 1338 1830 ad
1390 1766 1765 1830 reddendum
1803 1767 1975 1848 jus“.

458 1876 635 1933 Misti
685 1872 943 1935 XLIII.
996 1877 1142 1944 148,
1187 1894 1230 1933 u
1275 1875 1428 1936 mlet.
1479 1877 1712 1936 arleti-vu.

642 2017 662 2040 ’
748 2063 1183 2145 nxxvn.
1242 2065 1444 2147 nou.
1506 2065 1731 2148 1396.
1789 2076 1823 2145 1
1882 2066 2156 2166 rujna,
2214 2088 2273 2146 u
2328 2063 2719 2149 Mletern.

578 2206 692 2270 Pro
767 2206 1151 2287 reparatione
1215 2207 1536 2271 amborum
1609 2212 1959 2270 castrorum
2032 2208 2324 2271 Durachii
2390 2209 2814 2289 expendantur
2871 2207 3081 2272 ducati

366 2294 823 2378 quadringenti.
873 2296 1164 2359 Mittatur
1210 2294 1359 2357 illuc
1410 2316 1563 2358 uuus
1611 2314 2029 2374 marangonus
2076 2314 2215 2359 cum
2270 2315 2423 2377 paga
2469 2299 2829 2360 ducatorum
2882 2297 2969 2360 lX
3017 2299 3077 2360 in

369 2403 597 2459 mense,
649 2390 712 2444 et
759 2402 915 2447 nnus
953 2385 1147 2460 homo,
1197 2385 1296 2465 qui
1346 2387 1431 2445 sit
1479 2389 1766 2466 expertus
1843 2387 1900 2446 iu
1969 2384 2320 2447 extimando
2384 2386 2563 2448 butas
2627 2384 2772 2448 viui.
2824 2385 3087 2449 Ematur

370 2470 607 2547 domna,
660 2472 717 2535 in
767 2489 887 2554 qua
929 2478 1363 2535 conserventur
1409 2491 1581 2536 arma
1628 2472 1991 2547 commitam,
2045 2492 2150 2553 pro
2197 2472 2440 2536 ducatis
2487 2473 2739 2554 viginti3
2814 2479 2876 2536 et
2952 2474 3080 2537 alia

366 2559 583 2623 domus
635 2579 738 2641 pro
784 2560 1165 2624 habitatione
1212 2561 1538 2623 camerarii
1588 2565 1649 2623 et
1698 2579 1803 2641 pro
1851 2562 2187 2624 cameraria
2234 2566 2298 2624 et
2346 2561 2608 2644 pondere
2675 2579 2779 2641 pro
2835 2562 3084 2626 ducatis

371 2650 634 2730 triginta
680 2650 962 2731 quinque,
1013 2656 1075 2712 et
1121 2653 1441 2730 reparetur
1488 2669 1627 2713 cum
1677 2668 1942 2731 expensa
1992 2669 2182 2731 nsque
2215 2650 2291 2713 ad
2325 2651 2576 2714 ducatos
2609 2651 3081 2734 quinquaginta.

370 2735 576 2801 Semel
624 2738 686 2801 in
736 2756 894 2801 anno
940 2737 1054 2800 fiat
1128 2738 1353 2801 calcisa
1420 2739 1762 2801 necessaria
1830 2756 1936 2818 pro
1990 2739 2304 2820 aptatione
2377 2758 2690 2802 murorum
2762 2744 2961 2804 terrae
3025 2744 3086 2803 et

370 2829 733 2890 castrorum.
801 2826 1145 2906 Deputetnr
1211 2844 1361 2888 unus
1410 2825 1628 2908 legalis
1675 2826 1879 2890 scriba
1941 2828 2334 2896 camerariae,
2383 2829 2447 2889 et
2495 2829 2718 2891 habeat
2764 2828 3082 2910 octoginta

374 2915 734 2978 ducatorum
787 2914 848 2977 in
892 2933 1070 2987 auno,
1121 2914 1227 2976 sed
1276 2933 1390 2976 non
1442 2913 1632 2976 faciat
1680 2915 2055 2978 mercantias
2103 2915 2231 2979 ullo
2271 2916 2472 2978 modo.

456 3023 636 3081 Miser
680 3020 942 3081 XLIII.
999 3025 1140 3098 149,
1188 3041 1222 3080 u
1272 3023 1423 3081 mlel.
1474 3024 1705 3087 eri-kim.

686 3211 1169 3293 DXXVIII.
1227 3211 1433 3294 (iod.
1492 3212 1717 3295 1396.
1775 3213 1874 3293 14
1927 3212 2213 3312 rinna,
2265 3233 2327 3293 u
2379 3211 2768 3295 Mletcih.

1049 3339 1332 3412 Odbijaju
1376 3357 1436 3398 se
1482 3342 1650 3414 m'elre
1694 3339 1935 3413 prosnje
1971 3338 2163 3412 paike
2208 3339 2426 3398 obcine.

592 3443 772 3507 1396.
829 3444 1155 3507 indictione
1204 3443 1439 3526 quinta,
1488 3446 1584 3508 die
1632 3445 2091 3526 quartodecimo
2141 3442 2532 3524 septembris,
2581 3441 2906 3524 Sapientes
2935 3462 3083 3508 con-

376 3531 502 3594 silii
549 3538 614 3595 et
660 3535 969 3614 sapientes
1017 3533 1313 3596 ordinum.
1369 3531 1602 3613 Capta:
1675 3533 1832 3615 quod
1895 3531 2343 3612 respondeatur
2390 3531 2682 3609 capitulis
2730 3533 3079 3595 ambasiato

371 3619 548 3683 nobis
595 3623 835 3701 portate
886 3640 989 3702 pro
1039 3625 1211 3703 parte
1275 3621 1741 3685 communitatis
1790 3620 1943 3703 Pagi
2008 3623 2069 3683 in
2140 3620 2262 3683 ista
2323 3615 2542 3682 forma.
2603 3619 2683 3683 Et
2743 3621 2942 3702 primo
3002 3620 3078 3683 ad

373 3708 643 3789 primum
693 3709 1054 3791 capitulum,
1103 3728 1209 3791 per
1247 3710 1405 3791 quod
1483 3709 1600 3791 ipsi
1668 3708 1988 3773 notificant
2052 3707 2241 3783 nobiS‚
2306 3707 2569 3789 qualiter
2630 3708 2746 3790 ipsi
2798 3728 2902 3789 per
2950 3728 3085 3771 sen-

369 3797 630 3860 tentiam
682 3797 811 3862 sive
858 3797 1435 3862 determinationem
1486 3798 1712 3861 domini
1761 3798 1858 3860 sui
1908 3798 2138 3860 domini
2186 3795 2351 3878 regis
2398 3794 2718 3877 Hungarie
2753 3802 2899 3860 sunt
2930 3796 3086 3859 libe-

369 3885 489 3948 rati
536 3902 571 3948 a
618 3887 1065 3949 communitate
1111 3886 1321 3957 Jadre,
1369 3889 1434 3948 et
1480 3889 1801 3949 remanent
1846 3885 2022 3948 liberi
2073 3885 2235 3948 sicut
2270 3883 2389 3947 alie
2424 3884 2901 3948 communitates
2935 3884 3085 3947 Dal-

373 3973 582 4049 matie‚
632 3974 721 4037 ita
768 3975 926 4056 quod
973 3993 1111 4038 cum
1163 3975 1251 4038 eis
1302 3992 1417 4037 non
1462 3975 1688 4038 habent
1742 3974 1972 4055 aliquid
2040 3975 2299 4035 ulterius
2363 3990 2543 4053 agere
2598 3977 2661 4035 et
2720 3976 2859 4049 cet,
2925 3972 3081 4054 quod

371 4078 478 4123 nos
524 4062 871 4144 recepimus
923 4081 1211 4145 magnam
1288 4063 1765 4126 consolationem
1847 4065 1917 4123 de
1965 4062 2259 4125 libertate
2306 4079 2437 4136 sua,
2511 4065 2573 4122 et
2620 4064 2958 4143 recepimus
3006 4061 3081 4123 de

370 4148 512 4225 hue,
563 4169 680 4231 que
727 4153 1015 4215 cederent
1059 4151 1136 4213 ad
1185 4153 1439 4227 statum,
1481 4150 1771 4214 honorem
1827 4154 1890 4212 et
1935 4149 2459 4213 conservationem
2509 4167 2706 4224 suam,
2760 4151 2906 4231 quia
2955 4149 3074 4230 ipsi

373 4237 523 4301 bene
568 4240 788 4307 sciunt.
840 4241 994 4322 quod
1048 4241 1210 4304 inter
1250 4239 1403 4303 alios
1456 4239 1845 4315 Dalmatinos
1895 4256 2003 4301 nos
2050 4258 2149 4300 eos
2184 4256 2428 4318 semper
2476 4236 2711 4301 sincere
2747 4237 3075 4302 dileximus
3149 4262 3188 4303 'v

371 4330 434 4388 et
479 4344 692 4390 sumus
738 4328 1019 4410 dispositi
1071 4325 1327 4408 diligere
1380 4328 1442 4390 in
1489 4327 1782 4390 futurum.

582 4415 680 4478 Ad
730 4416 1056 4480 secundam
1110 4418 1347 4497 partem
1399 4416 1840 4488 subventioniS,
1900 4433 2078 4496 quam
2145 4416 2367 4494 petunt
2434 4433 2469 4477 a
2518 4413 2694 4477 nobis
2744 4414 2817 4477 de
2867 4415 3081 4477 mutuo

374 4501 734 4567 ducatorum
782 4505 900 4568 duo
949 4505 1151 4568 millia
1202 4504 1295 4566 vel
1341 4507 1565 4586 quanto
1630 4504 1904 4586 placeret
1953 4503 2144 4575 uobis
2203 4508 2271 4565 ut
2321 4503 2562 4584 possint
2608 4502 2849 4582 exigere
2902 4501 3084 4582 privi-

370 4588 535 4671 legia
583 4610 691 4656 sua
737 4592 900 4657 dicte
950 4593 1375 4674 exemptioui3‚
1426 4612 1542 4676 que
1589 4596 1735 4655 snut
1777 4609 1886 4679 pro
1935 4591 2192 4673 pignore
2242 4592 2399 4673 apud
2453 4591 2756 4672 quendam
2809 4590 3074 4653 nobilem

368 4696 479 4758 pro
522 4681 691 4743 certa
738 4680 1082 4762 quantitate
1128 4687 1191 4745 et
1240 4684 1460 4757 cetera,
1512 4679 1972 4762 respondeatur,
2018 4679 2172 4761 quod
2224 4680 2371 4742 dens
2407 4678 2578 4741 novit
2609 4678 3078 4740 subveniremus

367 4767 432 4831 et
476 4766 539 4829 in
585 4766 701 4831 hoc
746 4771 810 4831 et
857 4768 919 4832 in
965 4770 1107 4833 aliis
1153 4770 1241 4833 ita
1288 4769 1411 4834 cito
1452 4773 1516 4834 et
1559 4769 1826 4833 libenter
1872 4769 1960 4831 eis
2008 4770 2072 4831 et
2118 4767 2551 4831 communitati
2598 4784 2726 4845 sue,
2775 4767 2932 4828 sicut
2959 4763 3074 4827 ali-
