3620 5282
490 354 621 422 222
750 334 757 337 ’

488 549 640 613 quas
685 530 910 595 habere
958 530 1223 595 debent:
1272 531 1441 595 vadit
1487 548 1654 613 pai-S,
1701 530 1862 613 quod
1911 529 2241 595 mittantur
2291 529 2549 596 Jadram
2616 530 2724 595 alii
2771 530 2835 595 11
2882 531 3058 595 mille
3104 531 3218 595 du-

489 618 629 695 cati,
678 618 1003 682 scribendo
1052 618 1283 693 comiti,
1327 617 1489 700 quod
1537 618 1942 682 consideratis
1991 618 2381 700 gravissimis
2429 619 2745 701 expensiS,
2808 635 2961 700 quas
3009 621 3219 701 porta-

491 725 629 769 mus
680 707 847 770 intus
895 709 957 770 et
1004 707 1311 783 extra‚‘et
1356 706 1705 783 securitate,
1754 724 1869 788 que
1917 707 2234 789 prestatur
2287 706 2468 770 terris
2516 706 2743 771 nostris
2790 725 2898 788 per
2945 708 3220 770 armatas

495 796 757 873 nostras,
806 813 923 876 que
969 795 1065 859 est
1103 794 1294 871 extra,
1345 793 1398 857 si
1446 795 1518 856 de
1566 794 1868 876 expensiS,
1915 812 2063 876 quas
2113 794 2411 857 habemus
2459 794 2518 857 in
2568 794 2784 872 Jadra,
2834 795 3085 877 possent
3131 795 3222 858 di-

495 882 690 945 minui
755 882 886 945 sine
944 880 1219 965 periculo
1283 881 1380 945 vel
1442 880 1692 945 sinistro
1749 883 1953 945 status
2018 883 2210 945 nostri
2258 884 2321 945 et
2381 900 2523 945 cum
2571 881 3022 946 conservatione
3090 900 3221 960 sua,

496 971 662 1033 esset
707 969 860 1034 utile
906 975 969 1033 et
1016 970 1264 1033 bonum.
1312 968 1397 1032 Et
1440 971 1763 1051 propterea
1808 969 1870 1033 id
1918 987 2025 1032 sue
2069 968 2425 1034 discretioni
2472 969 2911 1052 relinquimuS,
2963 972 3034 1033 ut
3080 988 3220 1051 pro-

492 1057 701 1121 videat
747 1060 808 1120 et
855 1055 1064 1135 faciat,
1113 1058 1275 1121 sicut
1319 1075 1426 1121 sue
1469 1074 1601 1138 pro.
1620 1056 1858 1120 idencie
1908 1055 2059 1121 utile
2107 1057 2465 1140 apparebit,
2532 1056 2814 1122 babendo
2861 1056 2926 1120 in
2973 1074 3219 1122 omnem

490 1146 731 1227 partem
778 1148 1145 1227 respectum,
1189 1145 1253 1209 et
1300 1143 1688 1208 rescribendo
1736 1143 2028 1226 quicquid
2076 1142 2307 1209 fecerit.

575 1236 752 1295 Misti
797 1230 1045 1295 XXVI.
1088 1237 1189 1305 78,
1229 1253 1272 1295 u
1313 1235 1653 1295 mletackom
1702 1235 1939 1293 arkivu.

744 1422 1363 1506 CCCXXXIII.
1418 1422 1626 1505 God.
1681 1423 1906 1507 1352.
1962 1424 2013 1505 9
2065 1422 2429 1524 veljace,
2482 1447 2542 1506 u
2598 1423 2990 1506 Mletcih.

1006 1552 1228 1611 Kazan
1276 1551 1544 1610 izrecena
1578 1553 1746 1623 proti
1791 1550 2119 1610 uzrocniku
2163 1552 2402 1625 izyreda
2443 1569 2485 1608 u
2529 1551 2720 1625 Payu.

721 1668 905 1734 1351.
951 1669 1049 1735 die
1096 1669 1187 1735 IX
1234 1670 1547 1748 februarii,
1597 1673 1812 1752 capta:
1886 1670 1940 1734 si
1986 1670 2229 1734 videtur
2277 1670 2449 1736 vobis
2493 1689 2601 1753 per
2647 1690 2738 1750 ea,
2782 1690 2898 1752 que
2946 1670 3114 1736 dicta
3161 1673 3224 1736 et

497 1759 665 1822 lecta
714 1761 857 1822 sunt
903 1761 1116 1822 contra
1165 1760 1400 1823 Drusaz
1447 1757 1894 1823 Cesarchouich
1957 1758 2030 1822 de
2094 1759 2263 1841 Pago
2324 1758 2651 1841 culpabilis
2713 1777 2996 1824 excessus
3059 1778 3231 1824 com-

494 1844 680 1910 missi
733 1846 798 1909 in
844 1846 1030 1930 Pago,
1079 1845 1239 1930 quod
1288 1845 1657 1928 procedatur
1703 1847 1915 1911 contra
1960 1865 2121 1924 eum,
2170 1846 2268 1911 vel
2314 1864 2453 1912 non.

705 1934 938 2011 Prima,
986 1936 1144 2018 quod
1194 1933 1561 2016 procedatur
1609 1969 1688 1980 --
1734 1934 1842 1999 alii
1890 1933 1965 1998 de
2013 1937 2208 2017 parte.

705 2021 804 2086 vel
849 2041 969 2085 non
1607 2058 1681 2068 —-
1745 2024 1768 2085 1

703 2127 822 2173 non
871 2109 1090 2174 sinceri
1598 2146 1675 2155 —
1727 2111 1787 2174 6.

704 2196 1027 2275 DominuS,
1079 2196 1433 2274 consiliarii,
1485 2195 1709 2278 capita.
1758 2196 1989 2280 Capta:
2037 2197 2196 2280 quod
2246 2197 2454 2266 dictus
2501 2198 2739 2264 Drusaz
2784 2200 2870 2264 sit
2915 2199 2980 2265 in
3024 2200 3224 2265 banno

491 2284 567 2348 de
614 2284 779 2365 Pago
822 2286 885 2348 et
929 2284 1218 2349 districtu
1261 2304 1371 2367 per
1421 2303 1610 2348 unum
1657 2303 1907 2363 annum,
1978 2287 2041 2350 et
2089 2285 2254 2351 ultra
2309 2287 2424 2352 hoc
2483 2289 2748 2370 ponatur
2810 2290 2873 2353 et
2935 2288 3060 2351 stet
3124 2307 3227 2351 sex

497 2372 812 2436 mensibus
858 2371 920 2435 in
970 2389 1089 2436 uno
1137 2390 1379 2437 carcere
1417 2371 1813 2447 inferiorum;
1861 2375 1925 2437 et
1967 2373 2021 2437 si
2068 2392 2189 2438 nou
2238 2377 2473 2440 venerit
2505 2393 2698 2457 usque
2745 2376 2823 2440 ad
2854 2392 3040 2458 pasca
3087 2393 3227 2458 pro-

492 2461 729 2522 ximum
775 2461 848 2524 ad
898 2460 1240 2542 parendum
1288 2460 1430 2525 huic
1475 2461 1820 2540 sententie,
1870 2479 2081 2526 omnes
2147 2461 2422 2544 predicte
2487 2480 2641 2546 pene
2698 2463 3051 2546 dupplicate
3099 2462 3228 2527 sint

494 2549 623 2629 ipso
671 2547 835 2611 facto
882 2549 1097 2611 contra
1144 2566 1305 2611 eum.
1352 2548 1434 2611 Et
1470 2547 1777 2613 scribatur
1827 2548 2112 2613 omnibus
2159 2551 2500 2616 rectoribus
2546 2550 2795 2629 nostriS‚
2845 2552 3053 2632 elapso
3103 2553 3229 2615 ter-

495 2636 685 2714 mino,
736 2635 900 2718 quod
943 2634 1147 2718 ipsum
1195 2635 1446 2718 capiant
1491 2638 1555 2701 et
1599 2637 1862 2701 mittant
1911 2636 2200 2703 Venetiae
2248 2638 2363 2702 sub
2416 2639 2578 2703 bona
2641 2637 2956 2716 custodia,
3002 2638 3077 2702 ut
3121 2657 3229 2720 pa·

498 2727 635 2788 reat
681 2722 842 2788 dicte
889 2722 1213 2788 sententie.
1262 2725 1343 2788 Et
1387 2723 1441 2788 si
1488 2725 1726 2790 venerit
1771 2725 1932 2789 infra
1979 2726 2221 2805 dictum
2268 2726 2625 2804 terminum,
2674 2727 2759 2791 sit
2789 2726 3112 2791 absolutus
3148 2725 3226 2790 ab

502 2812 672 2876 omni
720 2829 878 2893 pena
924 2811 1295 2894 pecuniaria,
1343 2830 1530 2894 quam
1571 2812 1931 2877 incurrisset
1979 2813 2120 2878 istis
2166 2812 2241 2878 de
2287 2815 2509 2879 causis.
2559 2812 2662 2878 68.

703 2900 1162 2965 Advocatores:
1202 2899 1364 2982 quod
1409 2899 1613 2965 dictus
1660 2901 1896 2965 Drusaz
1944 2900 2030 2964 sit
2074 2900 2140 2964 in
2207 2901 2407 2967 banuo
2454 2901 2531 2967 de
2579 2902 2750 2986 Pago
2812 2903 2877 2967 et
2941 2901 3227 2967 districtu

494 3006 601 3070 per
647 3006 834 3051 unum
885 3005 1133 3067 annum,
1184 2992 1247 3052 et
1295 2989 1460 3052 ultra
1507 2989 1621 3052 hoc
1668 2990 1795 3053 stet
1843 3008 1945 3052 sex
1971 2989 2286 3053 mensibus
2331 2989 2396 3054 in
2426 3008 2824 3058 uno⁴carcere
2849 2989 3226 3068 inferiorum,

494 3077 559 3138 et
608 3092 717 3157 pro
765 3075 1241 3154 inhobedientia,
1291 3075 1437 3159 quia
1483 3076 1791 3141 ceciderat
1831 3077 1908 3142 de
1954 3076 2130 3141 libris
2179 3077 2372 3158 mille,
2436 3077 2879 3144 condemnetur
2935 3078 3001 3142 in
3045 3077 3223 3142 libris

495 3159 615 3226 OG.
676 3163 770 3240 18,
818 3180 941 3227 non
989 3162 1212 3227 sinceri
1257 3162 1320 3227 5.

580 3252 780 3323 Misti,
830 3252 1071 3313 XXVI.
1118 3256 1221 3323 84,
1268 3273 1310 3313 u
1356 3255 1572 3316 arkivu
1606 3256 1967 3318 mletackom.

767 3438 1350 3524 CCCXXXIV.
1405 3444 1614 3526 God.
1668 3444 1892 3530 1352.
1949 3447 2000 3528 9
2058 3442 2418 3547 venece,
2468 3466 2528 3525 u
2581 3443 2972 3526 Mletclh.

1002 3568 1207 3629 esuaa
1239 3573 1408 3644 proti
1452 3572 1743 3648 aruyomu
1788 3572 2115 3633 umanum
2148 3572 2426 3646 paikoqa
2469 3572 2724 3646 izqreda.

717 3689 905 3754 1351.
954 3689 1051 3755 die
1096 3689 1188 3753 IX
1236 3690 1551 3756 februarii.
1600 3692 1664 3757 Si
1711 3692 1955 3757 videtur
2018 3693 2192 3758 vobis
2256 3710 2365 3774 per
2410 3710 2520 3773 ea,
2581 3712 2698 3777 que
2742 3690 2913 3756 dicta
2957 3692 3022 3756 et
3062 3691 3226 3756 lecta

495 3781 641 3843 sunt
686 3778 904 3842 contra
948 3778 1291 3843 Martinum
1339 3779 1631 3845 Salonich
1672 3781 1744 3844 de
1785 3781 1974 3864 Pag0‚
2022 3781 2395 3863 culpabilem
2457 3798 2743 3846 excessus
2802 3779 3120 3845 commissi
3167 3778 3232 3842 in

499 3866 687 3949 Pago,
740 3865 900 3947 quod
947 3865 1317 3948 procedatur
1361 3869 1573 3942 contra
1620 3886 1781 3933 eum.
1830 3867 1962 3931 Alii
2010 3867 2084 3933 de
2131 3869 2328 3951 parte.

702 3952 938 4036 Capta:
987 3953 1192 4036 prima
1237 3954 1398 4035 quod
1446 3955 1834 4038 procedatur,
1884 3956 1957 4020 de
2003 3974 2126 4021 non
2172 3953 2236 4033 O,
2287 3972 2408 4020 non
2454 3954 2675 4020 sinceri
2720 3954 2783 4019 5.

707 4041 1034 4120 DominuS‚
1084 4041 1445 4121 consiliarii,
1495 4042 1717 4124 capita.
1791 4043 2024 4125 Capta:
2093 4045 2250 4125 quod
2314 4042 2516 4107 dictus
2579 4042 2894 4108 Martinus
2943 4039 3233 4107 Salonich

496 4128 582 4192 sit
632 4129 695 4192 in
743 4128 941 4194 banuo
988 4129 1062 4194 de
1111 4129 1280 4213 Pago
1327 4131 1392 4195 et
1438 4131 1725 4196 districtu
1772 4149 1881 4212 per
1930 4149 2117 4196 uuum
2145 4149 2393 4208 annum,
2444 4131 2510 4195 et
2552 4129 2721 4195 ultra
2767 4130 2880 4196 hoc
2905 4131 3031 4194 stet
3061 4148 3235 4194 men-

498 4215 679 4279 sibus
728 4236 946 4282 novem
999 4217 1062 4281 in
1108 4235 1230 4281 uno
1278 4236 1589 4283 carcerum
1626 4218 2026 4295 inferiorum3
2074 4221 2136 4282 et
2183 4218 2234 4282 si
2282 4236 2399 4281 non
2433 4217 2669 4283 venerit
2702 4236 2893 4300 usque
2938 4217 3015 4280 ad
3051 4235 3236 4300 pasca

501 4303 856 4385 proximum
904 4304 979 4368 ad
1024 4305 1363 4387 parendum
1413 4306 1598 4371 dictis
1645 4307 1990 4386 sententiis,
2040 4324 2254 4370 omnes
2319 4324 2475 4388 pene
2536 4304 2810 4388 predicte
2873 4305 3005 4388 ipso
3068 4304 3234 4370 facto

501 4389 934 4473 intelligantur
981 4398 1045 4457 et
1092 4391 1220 4457 sint
1263 4392 1619 4476 dupplicata
1681 4398 1897 4458 contra
1944 4413 2120 4471 eum;
2181 4394 2245 4459 et
2291 4393 2599 4459 scribatur
2659 4393 2945 4457 omnibus
3000 4392 3232 4457 nostris

498 4478 862 4558 rectoribus,
912 4479 1122 4562 elapso
1168 4482 1456 4558 termin0‚
1506 4482 1666 4563 quod
1723 4483 1931 4564 ipsum
1996 4482 2246 4564 capiant
2312 4483 2375 4544 et
2437 4480 2696 4546 mittant
2754 4480 3055 4546 Venecias
3117 4481 3231 4544 sub

498 4566 656 4629 bona
701 4568 1002 4646 custodia,
1054 4571 1125 4633 ut
1170 4571 1388 4652 pareat
1432 4569 1596 4633 dicte
1643 4570 1971 4635 sententie.
2013 4569 2098 4634 Et
2145 4569 2196 4632 si
2248 4568 2488 4634 venerit
2533 4568 2695 4632 infra
2740 4568 3098 4646 terminum,
3147 4569 3232 4632 sit

496 4650 821 4717 absolutus
867 4654 947 4719 ab
990 4654 1158 4720 omni
1204 4674 1366 4739 pena
1413 4657 1717 4740 personali
1764 4661 1829 4725 et
1868 4656 2241 4741 pecuniaria,
2291 4674 2476 4739 quam
2525 4655 2889 4721 incurrisset
2952 4656 3093 4721 istis
3155 4657 3229 4721 de

495 4739 719 4807 causis,
769 4740 902 4807 Alii
949 4743 1024 4808 de
1072 4746 1266 4826 parte.
