3620 5282
3008 381 3130 446 157

400 551 691 633 predicta,
744 554 808 616 et
855 553 929 616 de
978 553 1091 617 hoc
1131 553 1390 631 iustitia,
1441 554 1784 618 satisfactio
1829 572 1938 617 seu
1985 552 2196 617 debita
2239 554 2474 635 punitio
2523 574 2639 619 non
2688 555 2875 619 fuerit
2918 556 3134 621 subse-

400 644 589 721 quuta
635 659 744 721 per
788 641 948 711 illos,
995 641 1073 704 ad
1121 660 1268 723 quos
1317 642 1629 724 spectabit
1671 641 1960 718 fiendum,
2010 641 2173 722 quod
2221 645 2365 706 tunc
2414 641 2531 717 illi,
2583 646 2796 708 contra
2843 662 2992 725 quos
3040 643 3131 707 sa-

401 730 570 791 ctum
621 725 809 791 fuerit
852 731 1068 793 contra
1116 730 1413 811 premissa
1462 730 1558 793 vel
1605 729 1849 811 aliquod
1920 729 2396 812 premissorum,
2464 730 2701 813 possint
2763 730 2990 794 habere
3037 750 3133 794 re-

398 833 642 879 cursum
692 815 770 878 ad
820 816 1109 880 comitem
1159 819 1433 881 nostrum
1485 816 1696 881 Chersi
1757 819 1822 880 et
1862 816 2103 887 Auseri,
2167 820 2459 899 tanquam
2508 817 2585 881 ad
2632 817 2895 882 iudicem
2941 837 3129 900 appe-

395 902 718 980 lationum,
768 904 870 985 qui
919 923 1125 968 comes
1174 905 1369 986 possit
1416 905 1476 969 in
1517 905 1739 969 iudicio
1788 905 2111 986 procedere
2159 910 2375 968 contra
2424 905 2599 968 illum
2649 926 2754 969 seu
2804 905 2966 983 illos,
3018 907 3118 987 qui

395 1008 514 1053 nou
562 990 1027 1056 observaverint
1073 993 1368 1074 predicta,
1415 994 1597 1074 prout
1644 993 1760 1056 sibi
1798 992 2018 1055 melius
2066 994 2128 1055 et
2177 993 2397 1056 iustius
2430 993 2768 1075 apparebit.
2821 993 2979 1056 Item
3015 1012 3122 1074 pro

400 1079 619 1142 maiori
664 1079 1053 1144 observantia
1102 1081 1373 1144 omnium
1425 1081 1833 1161 predictorum
1880 1082 2220 1157 statuatur,
2273 1080 2432 1161 quod
2486 1081 2835 1144 communia
2881 1083 2944 1143 et
2995 1080 3129 1143 uni·

399 1166 726 1231 versitates
787 1167 1092 1231 dictarum
1158 1172 1462 1232 terrarum
1528 1171 1591 1231 et
1650 1167 1992 1231 insularum
2054 1169 2376 1231 teneantur
2421 1173 2484 1231 et
2528 1167 2794 1231 debeant
2853 1168 3128 1250 predicta

401 1255 606 1317 omnia
654 1258 715 1317 et
762 1255 1011 1337 singula
1059 1258 1381 1320 observare
1430 1258 1491 1318 et
1539 1255 1739 1319 facere
1766 1255 2096 1331 observari,
2146 1256 2308 1319 sicut
2346 1276 2452 1336 per
2482 1256 2796 1337 singulum
2846 1255 3127 1336 superins

399 1343 495 1405 est
538 1343 842 1419 notatum,
893 1346 1184 1425 perpetuo
1232 1344 1543 1419 duratura,
1595 1345 1666 1407 ut
1712 1344 1994 1425 superius
2020 1341 2254 1405 dictum
2304 1347 2433 1415 estz
2484 1346 2547 1406 et
2594 1344 2642 1406 si
2696 1363 2813 1425 qua
2853 1344 3122 1424 partium

394 1428 857 1507 contrafaceret,
908 1431 1140 1494 incidat
1186 1430 1249 1495 in
1298 1449 1513 1514 penam
1581 1430 1878 1494 librarum
1942 1429 2112 1493 mille
2171 1449 2515 1511 parvorum,
2567 1432 2921 1494 solvendam
2959 1432 3120 1514 parti

396 1516 494 1580 vel
542 1518 823 1599 partibus
872 1519 1359 1596 observantibus,
1410 1520 1506 1582 cui
1556 1519 1647 1582 vel
1703 1518 1922 1600 quibus
1973 1536 2090 1579 non
2139 1522 2609 1581 observarentur
2655 1521 2950 1600 predicta,
3006 1540 3120 1601 que

395 1605 624 1668 totiens
672 1607 870 1687 possit
914 1606 1039 1688 peti
1104 1608 1167 1670 et
1228 1606 1387 1689 exigi
1457 1626 1596 1670 cum
1662 1608 1879 1670 effectu
1942 1624 1978 1667 a
2026 1607 2197 1687 parte
2267 1605 2780 1681 contrafaciente,
2839 1607 3120 1689 quotiens

391 1691 1109 1777 fueritcontrafactum,
1160 1695 1342 1758 etde
1391 1694 1524 1776 ipsa
1587 1713 1743 1776 pena
1807 1693 2106 1757 medietas
2170 1693 2453 1756 deveniat
2515 1693 2575 1756 iu
2638 1713 2958 1758 commuue
3005 1695 3123 1757 Ve-

395 1780 721 1857 netiarum,
772 1800 956 1863 quam
1006 1781 1246 1864 exigere
1292 1784 1620 1845 teneantur
1666 1783 2066 1845 advocatores
2114 1781 2460 1843 cummunis
2495 1781 2914 1859 Venetiarum,
2962 1783 3122 1845 sicut

395 1870 678 1933 teneatur
724 1870 966 1951 exigere
1008 1870 1162 1933 alias
1208 1889 1431 1951 penaS,
1477 1872 1541 1932 et
1602 1869 1725 1932 alia
1792 1869 2092 1932 medietas
2147 1867 2432 1931 deveniat
2492 1868 2693 1949 parti,
2748 1869 2844 1933 cui
2910 1873 3123 1933 contra

393 1955 585 2030 fieret,
636 1974 755 2037 qua
805 1959 999 2020 semel
1049 1959 1146 2020 vel
1195 1959 1400 2039 plures
1449 1957 1655 2020 soluta
1703 1957 1798 2018 vel
1851 1975 1988 2029 uon,
2039 1956 2438 2019 nihilominus
2487 1957 2694 2018 omnia
2743 1957 3016 2036 predicta
3059 1959 3125 2020 et

391 2043 638 2125 singula
686 2043 748 2106 in
796 2062 905 2108 suo
953 2045 1313 2125 plenissimo
1359 2046 1572 2108 robore
1621 2047 1914 2107 maneant
1961 2043 2300 2117 firmitatis,
2343 2049 2406 2106 et
2454 2062 2561 2124 per
2606 2048 2810 2126 partes
2858 2045 3124 2108 debeant

390 2130 830 2195 inviolabiliter
878 2131 1225 2207 observari3
1275 2151 1424 2214 quas
1481 2150 1620 2195 vero
1689 2131 2178 2194 refformationes
2242 2135 2305 2194 et
2358 2132 2600 2194 ordines
2665 2133 3116 2213 suprascriptos

391 2219 645 2299 predicti
695 2220 913 2283 sindici
960 2227 1022 2281 et
1068 2223 1494 2301 procuratores
1545 2219 1731 2283 vestri
1774 2219 2184 2283 laudaverunt
2229 2224 2293 2282 et
2345 2220 2841 2296 ratificarerunt,
2893 2238 2962 2283 ac
3012 2238 3116 2282 eas

388 2307 602 2370 devote
648 2325 721 2370 ac
767 2326 906 2370 cum
951 2307 1116 2370 omni
1164 2309 1506 2372 reverentia
1553 2311 1972 2387 susceperunt,
2024 2309 2087 2369 et
2137 2306 2341 2389 vigore
2394 2307 2725 2383 libertatis,
2778 2326 2957 2389 quam
3012 2327 3118 2388 per

387 2394 726 2458 sindicatus
778 2413 985 2458 eorum
1024 2396 1333 2459 habebant
1381 2414 1417 2458 a
1467 2396 1658 2470 vobiS,
1707 2395 2127 2476 promiserunt
2178 2395 2621 2458 inviolabiliter
2654 2396 2977 2458 observare
3012 2414 3118 2457 no-

392 2483 679 2558 minibus,
730 2483 951 2563 quibus
998 2502 1199 2564 supra.
1249 2482 1535 2546 Ceterum
1586 2482 1729 2564 quia
1785 2485 2056 2545 vestram
2107 2484 2171 2545 et
2217 2483 2629 2563 predictorum
2679 2483 2953 2545 fidelium
3014 2500 3121 2546 no-

386 2574 656 2633 strorum
707 2570 978 2652 quietem
1024 2576 1088 2634 et
1135 2572 1368 2633 statum
1419 2589 1781 2652 prosperum
1830 2571 1990 2633 inter
2037 2569 2191 2632 alios
2241 2573 2478 2633 nostros
2508 2570 2784 2632 subditos
2819 2574 2880 2633 et
2908 2570 3120 2633 fideles

388 2659 806 2722 desiderantes
855 2660 1204 2740 appetimus
1244 2659 1530 2722 omnibus
1578 2662 1640 2722 et
1682 2659 1945 2740 singulis
1994 2660 2290 2734 vestrum,
2340 2659 2776 2740 cuiuscumque
2823 2661 3022 2721 status
3057 2661 3122 2722 et

389 2745 794 2810 condictionis
841 2747 1127 2822 existant,
1178 2766 1285 2828 per
1334 2764 1444 2809 uos
1493 2748 1556 2809 et
1599 2745 1763 2809 dicta
1815 2748 2021 2809 nostra
2084 2746 2339 2808 consilia
2402 2746 2683 2808 districte
2745 2747 3117 2827 precipimus

388 2836 450 2897 et
496 2835 883 2910 mandamus,
932 2836 1021 2906 ut,
1072 2835 1231 2897 sicut
1278 2834 1640 2897 desideratis
1700 2836 1976 2897 nostram
2040 2834 2316 2896 obtinere
2385 2834 2652 2913 gratiam
2701 2837 2763 2894 et
2820 2832 3109 2910 favorem,

386 2922 690 2985 studeatis
738 2940 845 3003 pro
895 2921 1127 2985 viribus
1175 2923 1283 2985 hec
1328 2930 1536 2984 nostra
1592 2923 1916 2995 mandata,
1967 2919 2451 2984 refformationes
2504 2922 2566 2983 et
2607 2920 2843 2983 ordines
2901 2939 3123 3003 supra-

386 3010 668 3091 scriptos,
719 3028 875 3090 quos
922 3014 985 3071 et
1027 3027 1177 3090 quas
1228 3010 1511 3073 volumus
1557 3012 1621 3072 et
1668 3010 2033 3072 mandamus
2098 3006 2265 3070 omni
2331 3025 2486 3070 anno
2548 3007 2739 3071 semel
2788 3009 2864 3070 ad
2917 3009 3123 3072 miuus

386 3097 447 3160 in
493 3099 772 3178 tempore
820 3096 1019 3178 magis
1066 3115 1372 3178 congruo,
1448 3099 1630 3179 prout
1691 3096 1945 3159 rectoris
2010 3095 2342 3158 cuiuslibet
2388 3099 2693 3159 terrarum
2744 3095 2838 3158 vel
2886 3095 3121 3160 insula-

388 3203 523 3247 rum
574 3183 989 3265 predictarum
1040 3185 1102 3247 in
1152 3202 1508 3266 unaquaque
1556 3183 1683 3248 sive
1735 3201 1852 3247 uuo
1888 3202 2122 3264 quoque
2170 3188 2372 3246 castro
2399 3184 2670 3264 ipsarum
2721 3183 2783 3247 in
2831 3184 3120 3248 concione

385 3272 628 3353 publica
675 3271 1009 3353 publicare,
1059 3271 1399 3353 adimplere
1445 3275 1508 3334 et
1548 3272 1868 3335 observare
1903 3270 2164 3334 fideliter
2211 3274 2274 3334 et
2316 3271 2640 3353 adimpleri
2689 3276 2750 3334 et
2798 3273 3111 3336 observari

385 3359 580 3423 facere
628 3378 739 3441 per
786 3358 993 3422 omnia
1040 3361 1246 3423 castra
1293 3361 1358 3422 et
1403 3360 1538 3422 loca
1574 3364 1778 3422 vestra
1825 3362 1886 3422 et
1933 3359 2124 3422 totius
2174 3358 2372 3422 insule
2406 3358 2616 3422 Chersi
2660 3363 2723 3422 et
2770 3360 3011 3437 Auseri,
3047 3365 3110 3425 et

384 3465 521 3510 cum
569 3446 975 3529 Veglensibus
1023 3448 1086 3510 et
1131 3448 1415 3510 omnibus
1463 3447 1603 3509 aliis
1648 3446 1935 3510 fidelibus
1984 3445 2208 3508 nostris
2252 3446 2621 3527 supradictis
2668 3446 2733 3509 in
2781 3467 2924 3529 pace
2973 3468 3111 3529 per·

384 3534 620 3611 sistere,
671 3536 735 3598 et
780 3553 929 3616 pura
977 3535 1091 3598 fide
1139 3534 1515 3616 sincerisque
1576 3535 1799 3598 animis
1865 3534 1928 3596 in
1991 3534 2317 3598 dilectione
2381 3539 2442 3597 et
2504 3535 2805 3599 charitate
2875 3538 3110 3616 mutua,

384 3623 533 3687 odiis
582 3623 647 3686 et
690 3622 933 3685 iniuriis
982 3621 1469 3703 quibuscumque
1517 3623 1940 3700 cessantibus,
1992 3641 2128 3684 cum
2197 3622 2282 3685 eis
2332 3622 2593 3685 invicem
2662 3641 2764 3686 vos
2814 3625 3101 3701 tractare,

384 3728 522 3773 nam
574 3711 736 3774 sicut
782 3709 857 3773 ad
906 3711 1176 3790 quietem
1221 3713 1286 3775 et
1331 3710 1852 3773 conservationem
1918 3711 2185 3772 vestram
2235 3712 2509 3772 nostrum
2561 3711 2817 3791 potestis
2865 3730 3110 3792 sperare

384 3799 683 3862 auxilium
731 3798 796 3860 et
833 3796 1125 3874 favorem,
1167 3798 1254 3862 sic
1300 3798 1561 3861 firmiter
1605 3798 1890 3874 teneatiS,
1930 3796 2090 3879 quod
2136 3799 2349 3861 contra
2382 3798 2842 3879 perturbatores
2889 3798 3117 3879 quietis

385 3885 655 3967 predicte
717 3887 781 3949 et
827 3888 1172 3948 nostrorum
1238 3883 1672 3948 mandatorum
1740 3890 2226 3966 transgressores
2275 3887 2550 3948 executio
2613 3885 2847 3949 iustitie
2913 3887 3118 3949 nostre

385 3975 779 4055 consurgeret
826 3973 956 4035 sine
1004 3990 1206 4048 mora,
1257 3977 1320 4036 et
1365 3972 1557 4036 talem
1600 3992 1822 4055 penam
1867 3977 1930 4037 et
1971 3974 2412 4037 correctionem
2463 3974 2534 4036 de
2587 3974 3118 4057 trangressoribus

384 4062 444 4125 et
487 4060 1021 4142 perturbatoribus
1070 4060 1219 4141 ipsis
1269 4063 1704 4135 assumeretur,
1755 4062 1913 4142 quod
1959 4080 2169 4124 eorum
2219 4080 2373 4142 pena
2432 4061 2729 4124 transiret
2781 4061 3000 4125 ceteris
3035 4062 3113 4125 ad

388 4150 682 4213 terrorem
734 4152 797 4211 et
842 4148 1188 4229 exemplum
1239 4167 1348 4230 pro
1375 4148 1645 4230 presenti
1693 4151 1968 4231 tempore
2018 4151 2084 4212 et
2127 4149 2372 4224 futuriS,
2422 4167 2533 4212 nec
2580 4150 2885 4213 terrarum
2939 4149 3113 4213 nobis

386 4237 773 4300 subditarum
822 4240 885 4299 et
931 4236 1208 4300 fidelium
1256 4240 1536 4301 nostrum
1566 4237 1854 4318 quietem,
1906 4255 2089 4318 quam
2129 4239 2405 4299 nostram
2434 4239 2814 4318 reputamus,
2866 4237 3115 4301 valeant

383 4324 759 4407 perturbare.
810 4324 893 4387 Et
938 4323 1143 4387 simile
1170 4323 1563 4406 privilegium
1605 4323 1957 4402 huiusmodi
1986 4324 2506 4388 refformationum
2555 4327 2616 4387 et
2662 4323 3116 4389 ordinationum

386 4416 736 4478 nostrarum
784 4411 918 4475 fieri
967 4412 1261 4476 iussimus
1309 4412 1636 4493 unicuique
1666 4415 1935 4493 partium
1965 4411 2380 4494 predictarum
2431 4411 2601 4474 bulla
2650 4416 2859 4476 nostra
2907 4414 3117 4496 plum-

383 4501 498 4566 beu
545 4504 1022 4567 communitum.

591 4590 827 4654 Datum
878 4591 939 4653 in
982 4591 1188 4654 nostro
1235 4589 1441 4655 ducali
1494 4587 1734 4653 Palatio
1781 4587 2404 4653 annoincaruationis
2430 4586 2731 4652 dominice
2780 4588 3117 4653 millesimo

380 4678 809 4742 tercentesimo
855 4677 1324 4760 quadragesimo
1373 4695 1562 4753 non0,
1616 4677 1844 4740 mensis
1911 4677 2160 4758 augusti
2207 4677 2306 4738 die
2372 4675 2705 4756 vigesimo,
2773 4676 3111 4739 indictione

377 4767 664 4832 secunda.
712 4764 895 4845 Nota,
945 4767 1105 4848 quod
1138 4766 1250 4831 sub
1275 4765 1373 4830 die
1403 4764 1701 4849 predicta,
1751 4764 2042 4829 videlicet
2068 4763 2364 4847 vigesimo
2390 4763 2638 4845 augusti
2663 4763 2739 4828 de
2775 4760 3111 4826 millesimo
