3620 5282
3081 360 3124 428 9

410 553 629 635 spectu
670 552 905 617 statum
952 550 1256 630 nostrum,
1302 551 1367 615 et
1408 549 1734 615 consilium
1783 548 2068 614 videatur
2111 550 2374 633 gravari,
2422 568 2532 617 nec
2577 552 2985 635 congregetur
3027 552 3121 619 ita

402 640 577 717 bene,
641 639 802 704 sicut
841 640 1007 703 esset
1065 656 1332 713 necesse,
1381 640 1445 703 et
1490 637 1717 702 bonum
1766 638 1853 702 sit
1912 638 1973 702 in
2019 637 2135 702 hoc
2181 638 2509 744 procedere
2554 638 2617 702 in
2666 640 2776 702 tali
2819 639 3121 706 delibera-

406 728 574 792 tione
619 728 685 791 et
728 726 1115 801 maturitate,
1179 726 1343 808 quod
1406 728 1574 790 terra
1634 724 1859 789 habeat
1905 723 2199 789 dirictum
2256 743 2474 800 suum;
2495 725 2698 790 vadit
2741 744 2905 809 pars,
2953 729 3118 810 quod

350 816 564 880 sicut
622 814 744 879 fuit
805 813 1038 877 factum
1101 812 1164 876 in
1215 813 1396 877 factis
1437 812 1774 895 Hungarie,
1838 804 2172 895 elliga‘ntur
2219 832 2326 893 per
2365 812 2733 877 scrutinium
2778 813 2842 878 in
2890 816 3122 897 rogatis

402 902 515 967 LX
601 900 859 978 nobiles,
924 902 1029 983 qui
1090 902 1348 983 possunt
1392 899 1588 981 accipi
1634 900 1709 964 de
1769 900 1936 965 omni
1984 899 2139 975 loco,
2186 900 2378 963 etiam
2429 899 2505 964 de
2553 900 2827 965 iudicatu
2874 903 3126 983 petitio·

404 1009 574 1067 uum,
625 1007 744 1054 non
790 990 1086 1069 possendo
1145 988 1425 1070 accipere
1486 987 1653 1052 ultra
1718 988 1871 1051 duos
1916 1005 2026 1069 pro
2071 988 2269 1064 domo,
2316 1005 2431 1052 nec
2475 986 2763 1070 aliquem,
2809 988 2886 1052 ad
2936 1009 3122 1072 quem

398 1080 622 1160 tangat
679 1077 912 1141 factum
964 1075 1062 1140 vel
1106 1076 1475 1158 propinquos
1521 1092 1683 1152 suos,
1744 1073 1849 1156 qui
1895 1075 2134 1139 exirent
2177 1092 2287 1157 pro
2333 1074 2424 1139 eis
2468 1074 2544 1140 de
2589 1075 2859 1154 consili0‚
2908 1079 2973 1141 et
3017 1077 3121 1142 isti

398 1165 509 1229 LX
573 1183 716 1229 cum
762 1162 1018 1228 consilio
1066 1164 1419 1246 rogatorum
1464 1164 1758 1227 vocentur
1793 1162 1889 1225 die
1924 1161 2066 1226 lune
2095 1162 2369 1243 proximo
2412 1164 2556 1247 post
2589 1180 2831 1242 nonam,
2877 1168 2942 1227 et
2972 1164 3116 1243 alie,

405 1251 645 1332 quando
704 1253 873 1315 esset
928 1268 1176 1315 necesse
1233 1268 1340 1331 pro
1401 1249 1541 1313 istis
1586 1247 1769 1313 factis
1816 1250 1930 1313 sub
1986 1267 2139 1331 pena
2186 1247 2519 1314 solidorum
2567 1247 2614 1313 C
2690 1268 2800 1333 pro
2846 1251 3122 1334 quolibet

406 1357 525 1403 non
588 1339 903 1415 veniente;
959 1338 1023 1401 et
1082 1336 1256 1412 illud,
1306 1338 1464 1419 quod
1514 1354 1619 1417 pro
1679 1336 1896 1400 maiori
1945 1338 2115 1418 parte
2159 1338 2432 1401 totorum
2479 1336 2735 1401 istorum
2784 1355 3120 1438 congrega-

400 1427 610 1491 torum
673 1426 863 1490 fuerit
922 1423 1250 1507 superinde
1311 1424 1711 1488 terminatum
1777 1425 1843 1488 et
1903 1423 2237 1488 diffinitum
2286 1426 2396 1487 aut
2456 1442 2827 1505 processum,
2879 1425 2966 1490 sit
3010 1427 3117 1492 fir·

404 1532 596 1589 mum,
646 1513 811 1577 sicut
855 1512 909 1577 si
954 1513 1119 1577 esset
1168 1511 1402 1576 factum
1447 1530 1555 1593 per
1602 1510 1769 1575 istud
1821 1510 2170 1587 consilium,
2220 1512 2284 1574 et
2328 1511 2638 1592 sapientes
2698 1511 2881 1576 electi
2930 1532 3116 1596 super

398 1599 536 1664 istis
580 1562 764 1665 'factis
811 1599 1062 1664 veniant
1105 1597 1168 1662 in
1219 1599 1455 1663 dictum
1501 1597 1828 1662 consilium
1875 1616 2016 1663 cum
2064 1597 2355 1663 libertate
2402 1598 2662 1681 ponendi
2711 1600 2921 1683 partes
2967 1620 3112 1668 suas

397 1688 560 1751 sicut
604 1688 889 1769 poterant
926 1689 990 1752 in
1038 1685 1256 1752 maiori
1296 1685 1571 1750 consilio.
1620 1686 1702 1750 Et
1745 1684 1799 1749 si
1847 1685 2172 1750 consilium
2218 1686 2335 1751 etc.

487 1795 701 1855 Maius
744 1795 1071 1855 consilium.
1118 1794 1369 1855 Novella
1415 1796 1517 1872 67,
1566 1810 1610 1853 u
1632 1794 1787 1853 mlet.
1835 1793 2070 1856 arkivu.

757 2008 1360 2092 xxvl1.(}0d
1417 2006 1640 2091 1359.
1697 2008 1794 2093 15
1848 2010 2224 2109 treviae,
2275 2030 2335 2091 u
2390 2009 2781 2125 Mletclh.

402 2161 676 2230 Rieseno,
721 2161 802 2219 da
848 2161 919 2219 Iv
922 2177 1048 2219 anu
1094 2159 1338 2235 Gioryio
1382 2164 1531 2230 zato,
1577 2159 1666 2220 ἔίο
1698 2161 1767 2234 je
1813 2159 2007 2219 uslied
2041 2161 2198 2218 mira
2242 2161 2577 2235 uyarskoya
2634 2161 2866 2235 iaeyubio
2911 2161 3119 2219 horeu-

394 2249 613 2308 lansku
655 2248 993 2318 Ιεηεὶευίιηι,
1039 2247 1375 2321 uepripada
1417 2248 1932 2396 ηῡεάιχιθῗέὄῗὲο.
1963 2265 2047 2306 na
2106 2248 2397 2307 naknadu
2456 2249 2533 2308 od
2574 2252 2780 2308 stt-ane
2821 2234 3124 2322 republike

618 2489 783 2553 1359
845 2490 943 2554 die
1003 2490 1123 2554 XV
1186 2489 1414 2554 mensis
1465 2489 1705 2572 apriliS‚
1752 2487 2028 2554 Curzola.
2076 2489 2380 2554 Dominus
2426 2490 2565 2568 dux,
2614 2511 2712 2555 ser
2755 2492 3122 2556 Franciscus

398 2578 783 2655 Lauredano,
849 2596 948 2641 ser
1008 2578 1373 2643 Franciscns
1432 2576 1772 2654 Carmelio,
1838 2595 1937 2640 ser
1997 2577 2218 2643 Petrus
2280 2578 2525 2655 Baseio,
2591 2598 2689 2644 ser
2744 2577 2998 2643 Marcus
3043 2579 3119 2645 de

397 2666 641 2744 Ριιοὶιε,
692 2685 790 2729 ser
835 2665 1119 2730 Belliuus
1167 2666 1241 2730 de
1287 2665 1522 2730 Molino
1567 2665 1949 2740 consiliarii;
1996 2684 2095 2730 ser
2140 2665 2390 2729 Marcus
2438 2667 2748 2744 Demario‚
2798 2687 2899 2731 ser
2952 2667 3118 2731 Mar-

395 2773 504 2818 cus
554 2752 854 2824 Dandulo,
898 2753 1121 2833 capita.
1172 2751 1365 2835 Capta
1415 2754 1478 2817 in
1525 2753 1784 2817 consilio
1839 2755 2214 2835 rogatorum,
2256 2753 2368 2817 XL
2437 2771 2511 2817 ac
2555 2754 2616 2818 in
2665 2753 2980 2819 additione
3026 2754 3140 2819 fa·-

394 2844 497 2905 cta
541 2843 615 2906 de
663 2842 772 2905 LX
816 2840 1220 2922 sapientibus,
1270 2839 1439 2920 Quod
1490 2860 1597 2923 per
1644 2859 1732 2919 ea,
1780 2861 1897 2923 qne
1943 2840 2111 2905 dicta
2155 2843 2219 2906 et
2262 2841 2424 2905 lecta
2470 2844 2635 2919 sunt,
2691 2861 2761 2904 ex
2808 2860 2967 2905 nunc
3013 2841 3122 2907 de-

392 2928 793 2993 terminatum
850 2929 954 3006 sit,
1010 2928 1171 3010 quod
1236 2947 1336 2992 ser
1397 2927 1708 2993 Jobannes
1764 2928 2030 3010 Georgio
2076 2946 2185 3010 pro
2243 2928 2404 2992 sacto
2451 2928 2784 2992 comitatus
2844 2927 3123 2994 Curzolle

393 3015 634 3080 nullum
684 3017 779 3079 ius
817 3016 1045 3079 babeat
1104 3015 1202 3080 vel
1264 3015 1486 3080 habere
1540 3015 1738 3099 possit
1782 3017 1894 3079 aut
1940 3018 2147 3098 petere
2195 3015 2324 3079 ullo
2381 3034 2674 3098 umquam
2724 3017 2999 3098 tempore
3048 3020 3124 3082 de

396 3103 528 3166 iure
578 3104 706 3186 ipse
741 3104 838 3167 vel
880 3121 1257 3167 successores
1288 3102 1404 3179 sui,
1439 3106 1549 3168 aut
1580 3103 1689 3168 alii
1736 3105 1809 3167 de
1840 3104 1956 3168 cha
1995 3099 2266 3186 Georgio
2312 3104 2524 3167 contra
2570 3121 2894 3167 commune
2930 3104 3124 3168 Vene-

392 3191 647 3256 ciarum.
678 3192 762 3255 76
787 3225 861 3237 -
888 3189 1245 3271 Sapientes:
1279 3210 1377 3255 ser
1395 3192 1466 3254 B.
1496 3190 1808 3268 Marcello,
1839 3209 1938 3254 ser
1959 3191 2108 3255 Her.
2135 3189 2317 3273 Copo,
2344 3208 2442 3255 ser
2467 3190 2552 3255 M.
2580 3190 2821 3255 Baseio.
2843 3188 2997 3255 Cum
3023 3209 3128 3256 no-

392 3278 538 3341 bilis
604 3277 696 3340 vir
757 3277 1072 3342 Johannes
1129 3277 1393 3361 Georgio
1457 3278 1724 3342 existens
1786 3297 1991 3343 comes
2049 3277 2302 3343 Curzole
2347 3280 2411 3342 et
2454 3277 2718 3342 aliarum
2781 3278 3124 3344 insularum

389 3367 638 3449 propter
685 3384 897 3447 pacem
948 3385 1056 3448 per
1103 3384 1211 3430 nos
1258 3364 1487 3431 factam
1550 3385 1688 3430 cum
1753 3385 1896 3449 rege
1955 3366 2275 3448 Hungarie
2319 3366 2622 3430 remansit
2665 3365 3011 3448 expoliatus
3056 3370 3120 3432 et

392 3456 590 3517 nudus
639 3453 912 3533 predicto
961 3451 1282 3530 comitatu,
1331 3455 1437 3535 qui
1485 3453 1603 3518 sibi
1652 3456 1726 3517 de
1766 3454 1899 3517 iure
1943 3454 2277 3536 spectabat,
2338 3456 2408 3517 ut
2456 3457 2667 3517 notum
2714 3457 2831 3530 est,
2868 3455 2932 3518 et
2968 3473 3111 3519 con-

402 3541 675 3604 siderato
734 3543 907 3603 tanto
951 3542 1171 3603 damno
1219 3559 1327 3604 suo
1370 3540 1762 3605 etheredum
1813 3560 2066 3605 suorum
2122 3540 2585 3612 racionalibiter
2631 3542 2961 3607 conveniat
2998 3541 3117 3606 sibi

408 3647 513 3707 per
557 3627 826 3710 aliquem
876 3629 1107 3691 iustum
1157 3628 1403 3690 modurn
1455 3628 1771 3708 providere
1818 3628 1881 3691 in
1929 3628 2488 3693 remunerationem
2537 3647 2747 3693 suam:
2777 3629 2949 3694 vadit
2980 3647 3121 3711 pars
3189 3640 3201 3652 ·

404 3715 463 3779 in
515 3715 672 3778 bona
716 3714 938 3796 gratia,
988 3713 1146 3796 quod
1192 3713 1358 3779 dicto
1404 3734 1502 3778 ser
1567 3714 1838 3780 ‚Iohanni
1887 3717 2108 3780 dentur
2155 3717 2228 3779 de
2274 3716 2540 3781 denariis
2605 3717 2797 3781 nostri
2844 3735 3121 3780 commu-

405 3800 519 3878 nis,
568 3803 672 3884 qui
719 3802 1099 3883 accipiantur
1145 3819 1284 3865 cum
1337 3801 1653 3866 ordinibus
1700 3804 1881 3879 terre,
1927 3803 2084 3867 libre
2131 3802 2287 3867 VIII
2334 3803 2506 3867 mille
2551 3806 2625 3866 ad
2675 3821 2922 3884 grossos
2968 3820 3121 3885 quo-

398 3889 552 3952 libet
595 3908 773 3962 anno,
837 3891 999 3953 sicut
1056 3888 1325 3952 habebat
1384 3890 1458 3953 de
1508 3888 1734 3954 salario
1793 3908 1899 3971 pro
1944 3891 2265 3965 comitatu,
2313 3892 2377 3954 et
2421 3892 2553 3973 ipso
2599 3889 2939 3967 deficiente,
2990 3890 3119 3953 suis

392 3976 719 4040 heredibus
783 3979 844 4039 et
905 3975 1358 4040 successoribus
1423 3980 1741 4059 perpetuo,
1806 3996 1921 4059 que
1970 3978 2383 4042 remuneratio
2431 3979 2614 4042 vadat
2663 3978 2738 4040 de
2784 3976 3115 4041 heredibus

392 4064 453 4127 in
519 4064 768 4126 heredes
831 4081 902 4127 eo
963 4063 1146 4127 modo
1207 4065 1270 4125 et
1329 4063 1543 4141 forma,
1607 4065 1830 4145 quibus
1877 4065 1965 4128 ire
2012 4065 2278 4129 debebat
2324 4065 2655 4130 comitatus
2702 4083 2808 4146 per
2850 4063 3114 4128 formam

393 4151 753 4216 testamenti
801 4150 1020 4215 codam
1074 4149 1308 4214 domini
1370 4150 1639 4215 Marsilii
1700 4151 1983 4235 Georgio‚
2048 4171 2304 4235 quorum
2369 4152 2759 4216 denariorum
2822 4152 2935 4216 fiat
2995 4151 3111 4216 sibi

393 4236 489 4301 vel
556 4237 882 4302 heredibus
951 4239 1014 4301 et
1078 4238 1533 4302 successoribus
1596 4238 1726 4303 suis
1772 4240 1999 4303 solutio
2060 4240 2124 4303 in
2171 4240 2406 4304 duobus
2473 4237 2757 4303 terminis
2826 4237 3118 4304 videlicet

392 4325 612 4389 statim
676 4326 863 4406 capta
915 4333 1085 4407 parte
1148 4325 1330 4390 detur
1377 4326 1675 4390 medietas
1721 4345 1832 4408 pro
1880 4326 2082 4391 medio
2129 4344 2285 4390 anno
2332 4325 2560 4403 futuro,
2610 4327 2674 4391 et
2716 4325 2844 4389 alia
2887 4325 3118 4391 medie·

391 4416 487 4476 tas
536 4413 598 4476 in
646 4412 849 4494 capite
911 4411 1061 4476 dicti
1103 4412 1292 4477 medii
1339 4412 1505 4491 anni,
1554 4414 1619 4476 et
1663 4414 1753 4477 sic
1815 4413 2156 4478 successive
2202 4412 2519 4491 servando,
2584 4431 2728 4478 cum
2767 4413 3119 4478 conditione

394 4502 627 4577 tamen,
675 4498 839 4581 quod
884 4517 1212 4564 commune
1259 4502 1538 4564 nostrum
1602 4520 1706 4581 per
1753 4501 1955 4584 ipsum
2005 4505 2069 4566 et
2128 4499 2384 4564 heredes
2430 4518 2504 4564 ac
2551 4518 2934 4566 successores
2980 4502 3118 4566 red·

395 4588 575 4651 datur
620 4604 905 4651 securum
954 4589 1028 4651 de
1071 4605 1191 4652 non
1239 4589 1501 4669 petendo
1550 4588 1647 4651 vel
1693 4587 2057 4670 requirendo
2103 4586 2339 4669 aliquid
2373 4588 2499 4652 ullo
2530 4589 2805 4670 tempore
2839 4605 2948 4670 pro
2978 4607 3117 4669 pre-

396 4674 577 4738 dictis
626 4675 722 4738 vel
769 4673 1256 4757 dependentibus
1295 4675 1372 4739 ab
1398 4675 1487 4739 eis
1532 4693 1673 4738 cum
1701 4674 2007 4757 solempni
2038 4674 2416 4758 obligatione
2462 4675 2834 4758 superinde.
2892 4674 3115 4738 Verum

391 4760 443 4826 si
498 4762 706 4844 aliquo
754 4763 1032 4843 tempore
1079 4762 1422 4827 dominium
1471 4761 1668 4844 ipsius
1725 4762 2000 4828 civitatis
2062 4761 2377 4828 deveniret
2422 4763 2486 4827 in
2542 4761 2779 4828 dictum
2826 4761 3116 4832 comitem
