<?xml version="1.0" encoding="UTF-8"?>
<!DOCTYPE html PUBLIC "-//W3C//DTD XHTML 1.0 Transitional//EN"
    "http://www.w3.org/TR/xhtml1/DTD/xhtml1-transitional.dtd">
<html xmlns="http://www.w3.org/1999/xhtml" xml:lang="en" lang="en">
 <head>
  <title>
</title>
<meta http-equiv="Content-Type" content="text/html;charset=utf-8" />
  <meta name='ocr-system' content='tesseract 3.04.00' />
  <meta name='ocr-capabilities' content='ocr_page ocr_carea ocr_par ocr_line ocrx_word'/>
</head>
<body>
  <div class='ocr_page' id='page_1' title='image "./monumentaspecta02umjegoog_0463.png"; bbox 0 0 3620 5282; ppageno 0'>
   <div class='ocr_carea' id='block_1_1' title="bbox 718 340 3138 409">
    <p class='ocr_par' dir='ltr' id='par_1_1' title="bbox 718 340 3138 409">
     <span class='ocr_line' id='line_1_1' title="bbox 718 340 3138 409; baseline 0 0"><span class='ocrx_word' id='word_1_1' title='bbox 718 374 727 409; x_wconf 76' lang='grc' dir='ltr'>ι</span> <span class='ocrx_word' id='word_1_2' title='bbox 2187 350 2206 366; x_wconf 83' lang='grc'><strong>’</strong></span> <span class='ocrx_word' id='word_1_3' title='bbox 2684 340 2693 362; x_wconf 83' lang='grc'>’</span> <span class='ocrx_word' id='word_1_4' title='bbox 3008 343 3138 409; x_wconf 89' lang='grc'>409</span> 
     </span>
    </p>
   </div>
   <div class='ocr_carea' id='block_1_2' title="bbox 341 519 3191 4789">
    <p class='ocr_par' dir='ltr' id='par_1_2' title="bbox 341 519 3191 4789">
     <span class='ocr_line' id='line_1_2' title="bbox 423 519 3139 603; baseline 0 -19"><span class='ocrx_word' id='word_1_5' title='bbox 423 519 650 585; x_wconf 83' lang='lat' dir='ltr'>tiarum</span> <span class='ocrx_word' id='word_1_6' title='bbox 693 520 900 586; x_wconf 92' lang='lat' dir='ltr'>omnia</span> <span class='ocrx_word' id='word_1_7' title='bbox 939 520 1208 603; x_wconf 90' lang='lat' dir='ltr'>dampna</span> <span class='ocrx_word' id='word_1_8' title='bbox 1250 520 1412 585; x_wconf 87' lang='lat' dir='ltr'>facta</span> <span class='ocrx_word' id='word_1_9' title='bbox 1459 538 1567 585; x_wconf 91' lang='lat' dir='ltr'>seu</span> <span class='ocrx_word' id='word_1_10' title='bbox 1607 521 1751 584; x_wconf 88' lang='lat' dir='ltr'>data</span> <span class='ocrx_word' id='word_1_11' title='bbox 1791 539 1900 602; x_wconf 88' lang='lat' dir='ltr'>per</span> <span class='ocrx_word' id='word_1_12' title='bbox 1943 519 2180 585; x_wconf 90' lang='lat' dir='ltr'>nobiles</span> <span class='ocrx_word' id='word_1_13' title='bbox 2227 519 2613 602; x_wconf 89' lang='lat' dir='ltr'>supradictos</span> <span class='ocrx_word' id='word_1_14' title='bbox 2638 519 2922 597; x_wconf 84' lang='lat' dir='ltr'>Almesii,</span> <span class='ocrx_word' id='word_1_15' title='bbox 2971 539 3139 586; x_wconf 88' lang='lat' dir='ltr'>com·</span> 
     </span>
     <span class='ocr_line' id='line_1_3' title="bbox 422 607 3138 675; baseline -0 -3"><span class='ocrx_word' id='word_1_16' title='bbox 422 610 792 673; x_wconf 88' lang='lat' dir='ltr'>munitatem</span> <span class='ocrx_word' id='word_1_17' title='bbox 844 611 910 673; x_wconf 91' lang='lat' dir='ltr'>et</span> <span class='ocrx_word' id='word_1_18' title='bbox 954 608 1234 673; x_wconf 88' lang='lat' dir='ltr'>homines</span> <span class='ocrx_word' id='word_1_19' title='bbox 1296 608 1460 672; x_wconf 90' lang='lat' dir='ltr'>dicte</span> <span class='ocrx_word' id='word_1_20' title='bbox 1507 609 1672 671; x_wconf 89' lang='lat' dir='ltr'>terre</span> <span class='ocrx_word' id='word_1_21' title='bbox 1735 607 1989 671; x_wconf 90' lang='lat' dir='ltr'>Venetis</span> <span class='ocrx_word' id='word_1_22' title='bbox 2055 609 2153 671; x_wconf 88' lang='lat' dir='ltr'>vel</span> <span class='ocrx_word' id='word_1_23' title='bbox 2214 626 2422 675; x_wconf 91' lang='lat' dir='ltr'>eorum</span> <span class='ocrx_word' id='word_1_24' title='bbox 2485 607 2773 672; x_wconf 91' lang='lat' dir='ltr'>fidelibus</span> <span class='ocrx_word' id='word_1_25' title='bbox 2835 611 2944 672; x_wconf 91' lang='lat' dir='ltr'>aut</span> <span class='ocrx_word' id='word_1_26' title='bbox 2995 608 3138 673; x_wconf 87' lang='lat' dir='ltr'>aliis</span> 
     </span>
     <span class='ocr_line' id='line_1_4' title="bbox 421 694 3141 779; baseline 0 -20"><span class='ocrx_word' id='word_1_27' title='bbox 421 696 909 779; x_wconf 87' lang='lat' dir='ltr'>quibuscumque</span> <span class='ocrx_word' id='word_1_28' title='bbox 955 696 1231 778; x_wconf 88' lang='lat' dir='ltr'>personis</span> <span class='ocrx_word' id='word_1_29' title='bbox 1278 696 1724 776; x_wconf 88' lang='lat' dir='ltr'>cuiuscumque</span> <span class='ocrx_word' id='word_1_30' title='bbox 1796 696 1952 759; x_wconf 88' lang='lat' dir='ltr'>ritus</span> <span class='ocrx_word' id='word_1_31' title='bbox 2000 694 2353 759; x_wconf 79' lang='lat' dir='ltr'><strong>exstiterint</strong></span> <span class='ocrx_word' id='word_1_32' title='bbox 2410 714 2480 758; x_wconf 84' lang='lat' dir='ltr'>ex</span> <span class='ocrx_word' id='word_1_33' title='bbox 2529 713 2908 777; x_wconf 88' lang='lat' dir='ltr'>quacumque</span> <span class='ocrx_word' id='word_1_34' title='bbox 2954 713 3141 760; x_wconf 89' lang='lat' dir='ltr'>causa</span> 
     </span>
     <span class='ocr_line' id='line_1_5' title="bbox 423 782 3139 865; baseline 0 -19"><span class='ocrx_word' id='word_1_35' title='bbox 423 783 516 846; x_wconf 88' lang='lat' dir='ltr'>vel</span> <span class='ocrx_word' id='word_1_36' title='bbox 563 784 809 865; x_wconf 88' lang='lat' dir='ltr'>ingenio</span> <span class='ocrx_word' id='word_1_37' title='bbox 855 785 963 848; x_wconf 88' lang='lat' dir='ltr'>aut</span> <span class='ocrx_word' id='word_1_38' title='bbox 1002 784 1199 860; x_wconf 91' lang='lat' dir='ltr'>modo,</span> <span class='ocrx_word' id='word_1_39' title='bbox 1248 782 1484 846; x_wconf 88' lang='lat' dir='ltr'>eisdem</span> <span class='ocrx_word' id='word_1_40' title='bbox 1536 782 1918 864; x_wconf 76' lang='lat' dir='ltr'>generaliter</span> <span class='ocrx_word' id='word_1_41' title='bbox 1965 785 2030 845; x_wconf 90' lang='lat' dir='ltr'>et</span> <span class='ocrx_word' id='word_1_42' title='bbox 2075 782 2431 864; x_wconf 84' lang='lat' dir='ltr'>specialiter</span> <span class='ocrx_word' id='word_1_43' title='bbox 2473 801 2620 858; x_wconf 86' lang='lat' dir='ltr'>suo,</span> <span class='ocrx_word' id='word_1_44' title='bbox 2675 783 3139 847; x_wconf 76' lang='lat' dir='ltr'>communitatis</span> 
     </span>
     <span class='ocr_line' id='line_1_6' title="bbox 423 870 3141 951; baseline 0.001 -19"><span class='ocrx_word' id='word_1_45' title='bbox 423 871 485 932; x_wconf 88' lang='lat' dir='ltr'>et</span> <span class='ocrx_word' id='word_1_46' title='bbox 528 871 849 934; x_wconf 87' lang='lat' dir='ltr'>hominum</span> <span class='ocrx_word' id='word_1_47' title='bbox 896 870 1161 934; x_wconf 90' lang='lat' dir='ltr'>Almesii</span> <span class='ocrx_word' id='word_1_48' title='bbox 1208 870 1476 942; x_wconf 88' lang='lat' dir='ltr'>nomine,</span> <span class='ocrx_word' id='word_1_49' title='bbox 1523 870 1976 951; x_wconf 84' lang='lat' dir='ltr'>quietaverunt,</span> <span class='ocrx_word' id='word_1_50' title='bbox 2026 872 2417 946; x_wconf 88' lang='lat' dir='ltr'>remiserunt,</span> <span class='ocrx_word' id='word_1_51' title='bbox 2468 872 2740 951; x_wconf 91' lang='lat' dir='ltr'>pactum,</span> <span class='ocrx_word' id='word_1_52' title='bbox 2791 871 2997 947; x_wconf 91' lang='lat' dir='ltr'>finem,</span> <span class='ocrx_word' id='word_1_53' title='bbox 3046 888 3141 934; x_wconf 87' lang='lat' dir='ltr'>re-</span> 
     </span>
     <span class='ocr_line' id='line_1_7' title="bbox 424 956 3141 1040; baseline 0 -21"><span class='ocrx_word' id='word_1_54' title='bbox 424 958 777 1022; x_wconf 85' lang='lat' dir='ltr'>missionem</span> <span class='ocrx_word' id='word_1_55' title='bbox 826 962 889 1022; x_wconf 92' lang='lat' dir='ltr'>et</span> <span class='ocrx_word' id='word_1_56' title='bbox 934 957 1397 1022; x_wconf 87' lang='lat' dir='ltr'>reffutacionem</span> <span class='ocrx_word' id='word_1_57' title='bbox 1448 957 1743 1033; x_wconf 89' lang='lat' dir='ltr'>fecerunt,</span> <span class='ocrx_word' id='word_1_58' title='bbox 1806 956 1966 1040; x_wconf 90' lang='lat' dir='ltr'>quod</span> <span class='ocrx_word' id='word_1_59' title='bbox 2016 975 2124 1039; x_wconf 91' lang='lat' dir='ltr'>per</span> <span class='ocrx_word' id='word_1_60' title='bbox 2169 975 2235 1020; x_wconf 93' lang='lat' dir='ltr'>se</span> <span class='ocrx_word' id='word_1_61' title='bbox 2282 976 2541 1039; x_wconf 83' lang='lat' dir='ltr'>suosque</span> <span class='ocrx_word' id='word_1_62' title='bbox 2603 975 3019 1033; x_wconf 79' lang='lat' dir='ltr'>successoreS,</span> <span class='ocrx_word' id='word_1_63' title='bbox 3068 974 3141 1020; x_wconf 87' lang='lat' dir='ltr'>ac</span> 
     </span>
     <span class='ocr_line' id='line_1_8' title="bbox 424 1043 3138 1127; baseline 0 -21"><span class='ocrx_word' id='word_1_64' title='bbox 424 1045 554 1108; x_wconf 84' lang='lat' dir='ltr'>vice</span> <span class='ocrx_word' id='word_1_65' title='bbox 599 1048 662 1109; x_wconf 91' lang='lat' dir='ltr'>et</span> <span class='ocrx_word' id='word_1_66' title='bbox 703 1046 949 1110; x_wconf 91' lang='lat' dir='ltr'>nomine</span> <span class='ocrx_word' id='word_1_67' title='bbox 994 1044 1258 1127; x_wconf 77' lang='lat' dir='ltr'>predicti</span> <span class='ocrx_word' id='word_1_68' title='bbox 1306 1044 1538 1109; x_wconf 90' lang='lat' dir='ltr'>domini</span> <span class='ocrx_word' id='word_1_69' title='bbox 1599 1044 1772 1108; x_wconf 92' lang='lat' dir='ltr'>ducis</span> <span class='ocrx_word' id='word_1_70' title='bbox 1835 1046 1899 1107; x_wconf 92' lang='lat' dir='ltr'>et</span> <span class='ocrx_word' id='word_1_71' title='bbox 1957 1043 2304 1108; x_wconf 91' lang='lat' dir='ltr'>communis</span> <span class='ocrx_word' id='word_1_72' title='bbox 2350 1044 2756 1109; x_wconf 90' lang='lat' dir='ltr'>Veneciarum</span> <span class='ocrx_word' id='word_1_73' title='bbox 2827 1061 3138 1126; x_wconf 88' lang='lat' dir='ltr'>nunquam</span> 
     </span>
     <span class='ocr_line' id='line_1_9' title="bbox 426 1130 3141 1214; baseline -0 -19"><span class='ocrx_word' id='word_1_74' title='bbox 426 1150 527 1195; x_wconf 92' lang='lat' dir='ltr'>eos</span> <span class='ocrx_word' id='word_1_75' title='bbox 574 1132 671 1195; x_wconf 84' lang='lat' dir='ltr'>vel</span> <span class='ocrx_word' id='word_1_76' title='bbox 718 1150 931 1196; x_wconf 88' lang='lat' dir='ltr'>eorum</span> <span class='ocrx_word' id='word_1_77' title='bbox 980 1131 1271 1209; x_wconf 80' lang='lat' dir='ltr'>heredeS,</span> <span class='ocrx_word' id='word_1_78' title='bbox 1337 1130 1848 1196; x_wconf 88' lang='lat' dir='ltr'>communitatem</span> <span class='ocrx_word' id='word_1_79' title='bbox 1906 1132 1970 1194; x_wconf 88' lang='lat' dir='ltr'>et</span> <span class='ocrx_word' id='word_1_80' title='bbox 2031 1130 2312 1196; x_wconf 86' lang='lat' dir='ltr'>homines</span> <span class='ocrx_word' id='word_1_81' title='bbox 2373 1131 2637 1196; x_wconf 89' lang='lat' dir='ltr'>Almesii</span> <span class='ocrx_word' id='word_1_82' title='bbox 2700 1150 2808 1214; x_wconf 91' lang='lat' dir='ltr'>pro</span> <span class='ocrx_word' id='word_1_83' title='bbox 2854 1131 3141 1213; x_wconf 83' lang='lat' dir='ltr'>dampnis</span> 
     </span>
     <span class='ocr_line' id='line_1_10' title="bbox 423 1218 3139 1301; baseline 0 -19"><span class='ocrx_word' id='word_1_84' title='bbox 423 1220 716 1301; x_wconf 87' lang='lat' dir='ltr'>predictis</span> <span class='ocrx_word' id='word_1_85' title='bbox 762 1221 860 1283; x_wconf 85' lang='lat' dir='ltr'>vel</span> <span class='ocrx_word' id='word_1_86' title='bbox 907 1219 1225 1284; x_wconf 86' lang='lat' dir='ltr'>occasione</span> <span class='ocrx_word' id='word_1_87' title='bbox 1272 1219 1553 1300; x_wconf 90' lang='lat' dir='ltr'>ipsorum</span> <span class='ocrx_word' id='word_1_88' title='bbox 1601 1218 1954 1283; x_wconf 90' lang='lat' dir='ltr'>habitorum</span> <span class='ocrx_word' id='word_1_89' title='bbox 2002 1220 2069 1281; x_wconf 91' lang='lat' dir='ltr'>et</span> <span class='ocrx_word' id='word_1_90' title='bbox 2113 1221 2499 1300; x_wconf 90' lang='lat' dir='ltr'>receptorum</span> <span class='ocrx_word' id='word_1_91' title='bbox 2547 1220 2626 1283; x_wconf 89' lang='lat' dir='ltr'>ab</span> <span class='ocrx_word' id='word_1_92' title='bbox 2682 1218 2805 1296; x_wconf 88' lang='lat' dir='ltr'>eis,</span> <span class='ocrx_word' id='word_1_93' title='bbox 2849 1221 2920 1282; x_wconf 90' lang='lat' dir='ltr'>ut</span> <span class='ocrx_word' id='word_1_94' title='bbox 2959 1236 3139 1301; x_wconf 92' lang='lat' dir='ltr'>supe-</span> 
     </span>
     <span class='ocr_line' id='line_1_11' title="bbox 426 1304 3142 1388; baseline 0.001 -20"><span class='ocrx_word' id='word_1_95' title='bbox 426 1304 553 1370; x_wconf 88' lang='lat' dir='ltr'>rins</span> <span class='ocrx_word' id='word_1_96' title='bbox 603 1305 840 1371; x_wconf 92' lang='lat' dir='ltr'>dictum</span> <span class='ocrx_word' id='word_1_97' title='bbox 888 1307 1004 1382; x_wconf 90' lang='lat' dir='ltr'>est,</span> <span class='ocrx_word' id='word_1_98' title='bbox 1057 1305 1486 1370; x_wconf 88' lang='lat' dir='ltr'>molestabunt</span> <span class='ocrx_word' id='word_1_99' title='bbox 1529 1305 1627 1369; x_wconf 84' lang='lat' dir='ltr'>vel</span> <span class='ocrx_word' id='word_1_100' title='bbox 1692 1304 2042 1369; x_wconf 87' lang='lat' dir='ltr'>molestiam</span> <span class='ocrx_word' id='word_1_101' title='bbox 2105 1304 2337 1370; x_wconf 84' lang='lat' dir='ltr'>facient</span> <span class='ocrx_word' id='word_1_102' title='bbox 2396 1325 2503 1388; x_wconf 91' lang='lat' dir='ltr'>per</span> <span class='ocrx_word' id='word_1_103' title='bbox 2567 1325 2633 1371; x_wconf 90' lang='lat' dir='ltr'>se</span> <span class='ocrx_word' id='word_1_104' title='bbox 2679 1306 2776 1370; x_wconf 85' lang='lat' dir='ltr'>vel</span> <span class='ocrx_word' id='word_1_105' title='bbox 2827 1305 2985 1369; x_wconf 90' lang='lat' dir='ltr'>alios</span> <span class='ocrx_word' id='word_1_106' title='bbox 3033 1324 3142 1370; x_wconf 91' lang='lat' dir='ltr'>suo</span> 
     </span>
     <span class='ocr_line' id='line_1_12' title="bbox 426 1391 3141 1475; baseline -0 -19"><span class='ocrx_word' id='word_1_107' title='bbox 426 1394 526 1457; x_wconf 86' lang='lat' dir='ltr'>vel</span> <span class='ocrx_word' id='word_1_108' title='bbox 572 1392 719 1457; x_wconf 89' lang='lat' dir='ltr'>dicti</span> <span class='ocrx_word' id='word_1_109' title='bbox 761 1393 993 1457; x_wconf 92' lang='lat' dir='ltr'>domini</span> <span class='ocrx_word' id='word_1_110' title='bbox 1044 1393 1217 1459; x_wconf 91' lang='lat' dir='ltr'>ducis</span> <span class='ocrx_word' id='word_1_111' title='bbox 1266 1395 1330 1457; x_wconf 90' lang='lat' dir='ltr'>et</span> <span class='ocrx_word' id='word_1_112' title='bbox 1393 1392 1734 1457; x_wconf 90' lang='lat' dir='ltr'>communis</span> <span class='ocrx_word' id='word_1_113' title='bbox 1799 1391 2202 1457; x_wconf 89' lang='lat' dir='ltr'>Veneciarum</span> <span class='ocrx_word' id='word_1_114' title='bbox 2270 1393 2552 1471; x_wconf 88' lang='lat' dir='ltr'>nomine,</span> <span class='ocrx_word' id='word_1_115' title='bbox 2616 1412 2725 1457; x_wconf 90' lang='lat' dir='ltr'>nec</span> <span class='ocrx_word' id='word_1_116' title='bbox 2786 1392 3021 1475; x_wconf 90' lang='lat' dir='ltr'>aliquid</span> <span class='ocrx_word' id='word_1_117' title='bbox 3068 1393 3141 1455; x_wconf 91' lang='lat' dir='ltr'>de</span> 
     </span>
     <span class='ocr_line' id='line_1_13' title="bbox 425 1479 3142 1563; baseline 0 -20"><span class='ocrx_word' id='word_1_118' title='bbox 425 1479 709 1563; x_wconf 85' lang='lat' dir='ltr'>dampnis</span> <span class='ocrx_word' id='word_1_119' title='bbox 755 1480 1051 1562; x_wconf 88' lang='lat' dir='ltr'>predictis</span> <span class='ocrx_word' id='word_1_120' title='bbox 1098 1482 1377 1545; x_wconf 90' lang='lat' dir='ltr'>decetero</span> <span class='ocrx_word' id='word_1_121' title='bbox 1426 1483 1634 1563; x_wconf 90' lang='lat' dir='ltr'>petere</span> <span class='ocrx_word' id='word_1_122' title='bbox 1687 1480 1784 1544; x_wconf 84' lang='lat' dir='ltr'>vel</span> <span class='ocrx_word' id='word_1_123' title='bbox 1832 1480 1961 1562; x_wconf 88' lang='lat' dir='ltr'>peti</span> <span class='ocrx_word' id='word_1_124' title='bbox 2007 1479 2243 1558; x_wconf 82' lang='lat' dir='ltr'>facere,</span> <span class='ocrx_word' id='word_1_125' title='bbox 2306 1480 2425 1544; x_wconf 89' lang='lat' dir='ltr'>nisi</span> <span class='ocrx_word' id='word_1_126' title='bbox 2490 1480 2826 1545; x_wconf 90' lang='lat' dir='ltr'>secundum</span> <span class='ocrx_word' id='word_1_127' title='bbox 2874 1480 3030 1563; x_wconf 93' lang='lat' dir='ltr'>quod</span> <span class='ocrx_word' id='word_1_128' title='bbox 3077 1480 3142 1543; x_wconf 92' lang='lat' dir='ltr'>in</span> 
     </span>
     <span class='ocr_line' id='line_1_14' title="bbox 428 1567 3142 1651; baseline 0 -21"><span class='ocrx_word' id='word_1_129' title='bbox 428 1567 565 1632; x_wconf 91' lang='lat' dir='ltr'>istis</span> <span class='ocrx_word' id='word_1_130' title='bbox 613 1568 811 1650; x_wconf 83' lang='lat' dir='ltr'>pactis</span> <span class='ocrx_word' id='word_1_131' title='bbox 858 1568 1245 1650; x_wconf 84' lang='lat' dir='ltr'>presentibus</span> <span class='ocrx_word' id='word_1_132' title='bbox 1292 1568 1535 1651; x_wconf 89' lang='lat' dir='ltr'>plenius</span> <span class='ocrx_word' id='word_1_133' title='bbox 1583 1568 1992 1632; x_wconf 89' lang='lat' dir='ltr'>continentur.</span> <span class='ocrx_word' id='word_1_134' title='bbox 2062 1567 2144 1630; x_wconf 89' lang='lat' dir='ltr'>Et</span> <span class='ocrx_word' id='word_1_135' title='bbox 2186 1586 2219 1629; x_wconf 93' lang='lat' dir='ltr'>e</span> <span class='ocrx_word' id='word_1_136' title='bbox 2264 1586 2554 1632; x_wconf 84' lang='lat' dir='ltr'>converso</span> <span class='ocrx_word' id='word_1_137' title='bbox 2600 1567 2860 1651; x_wconf 89' lang='lat' dir='ltr'>predicti</span> <span class='ocrx_word' id='word_1_138' title='bbox 2903 1567 3142 1632; x_wconf 90' lang='lat' dir='ltr'>nobiles</span> 
     </span>
     <span class='ocr_line' id='line_1_15' title="bbox 424 1654 3142 1737; baseline -0 -18"><span class='ocrx_word' id='word_1_139' title='bbox 424 1672 627 1719; x_wconf 88' lang='lat' dir='ltr'>comes</span> <span class='ocrx_word' id='word_1_140' title='bbox 675 1656 883 1729; x_wconf 86' lang='lat' dir='ltr'>Rados</span> <span class='ocrx_word' id='word_1_141' title='bbox 931 1657 995 1719; x_wconf 90' lang='lat' dir='ltr'>et</span> <span class='ocrx_word' id='word_1_142' title='bbox 1040 1654 1370 1737; x_wconf 89' lang='lat' dir='ltr'>Bogdanus</span> <span class='ocrx_word' id='word_1_143' title='bbox 1397 1654 1682 1733; x_wconf 89' lang='lat' dir='ltr'>Almesii,</span> <span class='ocrx_word' id='word_1_144' title='bbox 1718 1657 1868 1733; x_wconf 59' lang='lat' dir='ltr'>suo,</span> <span class='ocrx_word' id='word_1_145' title='bbox 1906 1655 2375 1719; x_wconf 86' lang='lat' dir='ltr'>communitatis</span> <span class='ocrx_word' id='word_1_146' title='bbox 2419 1657 2483 1720; x_wconf 90' lang='lat' dir='ltr'>et</span> <span class='ocrx_word' id='word_1_147' title='bbox 2528 1655 2849 1720; x_wconf 89' lang='lat' dir='ltr'>hominum</span> <span class='ocrx_word' id='word_1_148' title='bbox 2875 1654 3142 1719; x_wconf 89' lang='lat' dir='ltr'>Almesii</span> 
     </span>
     <span class='ocr_line' id='line_1_16' title="bbox 427 1742 3140 1825; baseline 0 -20"><span class='ocrx_word' id='word_1_149' title='bbox 427 1743 674 1806; x_wconf 88' lang='lat' dir='ltr'>nomine</span> <span class='ocrx_word' id='word_1_150' title='bbox 723 1743 1096 1825; x_wconf 80' lang='lat' dir='ltr'>generaliter</span> <span class='ocrx_word' id='word_1_151' title='bbox 1157 1744 1223 1807; x_wconf 89' lang='lat' dir='ltr'>et</span> <span class='ocrx_word' id='word_1_152' title='bbox 1272 1742 1623 1824; x_wconf 85' lang='lat' dir='ltr'>specialiter</span> <span class='ocrx_word' id='word_1_153' title='bbox 1691 1761 1798 1824; x_wconf 90' lang='lat' dir='ltr'>per</span> <span class='ocrx_word' id='word_1_154' title='bbox 1865 1761 1930 1805; x_wconf 90' lang='lat' dir='ltr'>se</span> <span class='ocrx_word' id='word_1_155' title='bbox 1991 1760 2251 1825; x_wconf 89' lang='lat' dir='ltr'>suosque</span> <span class='ocrx_word' id='word_1_156' title='bbox 2315 1742 2571 1806; x_wconf 88' lang='lat' dir='ltr'>heredes</span> <span class='ocrx_word' id='word_1_157' title='bbox 2635 1743 2699 1807; x_wconf 90' lang='lat' dir='ltr'>et</span> <span class='ocrx_word' id='word_1_158' title='bbox 2757 1760 3140 1807; x_wconf 89' lang='lat' dir='ltr'>successores</span> 
     </span>
     <span class='ocr_line' id='line_1_17' title="bbox 422 1829 3139 1911; baseline 0 -19"><span class='ocrx_word' id='word_1_159' title='bbox 422 1829 884 1910; x_wconf 84' lang='lat' dir='ltr'>quietaverunt,</span> <span class='ocrx_word' id='word_1_160' title='bbox 952 1830 1415 1905; x_wconf 82' lang='lat' dir='ltr'>remissionem,</span> <span class='ocrx_word' id='word_1_161' title='bbox 1465 1846 1720 1911; x_wconf 91' lang='lat' dir='ltr'>pacem,</span> <span class='ocrx_word' id='word_1_162' title='bbox 1786 1830 2004 1905; x_wconf 91' lang='lat' dir='ltr'>finem,</span> <span class='ocrx_word' id='word_1_163' title='bbox 2076 1829 2508 1894; x_wconf 85' lang='lat' dir='ltr'>refutacionem</span> <span class='ocrx_word' id='word_1_164' title='bbox 2572 1831 2637 1895; x_wconf 92' lang='lat' dir='ltr'>et</span> <span class='ocrx_word' id='word_1_165' title='bbox 2681 1830 3139 1895; x_wconf 88' lang='lat' dir='ltr'>absolucionem</span> 
     </span>
     <span class='ocr_line' id='line_1_18' title="bbox 425 1915 3140 1999; baseline 0 -21"><span class='ocrx_word' id='word_1_166' title='bbox 425 1915 704 1981; x_wconf 88' lang='lat' dir='ltr'>fecerunt</span> <span class='ocrx_word' id='word_1_167' title='bbox 765 1916 1060 1981; x_wconf 90' lang='lat' dir='ltr'>iamdicto</span> <span class='ocrx_word' id='word_1_168' title='bbox 1108 1917 1353 1982; x_wconf 92' lang='lat' dir='ltr'>domino</span> <span class='ocrx_word' id='word_1_169' title='bbox 1401 1916 1725 1982; x_wconf 86' lang='lat' dir='ltr'>Albertino</span> <span class='ocrx_word' id='word_1_170' title='bbox 1804 1916 2021 1981; x_wconf 87' lang='lat' dir='ltr'>comiti</span> <span class='ocrx_word' id='word_1_171' title='bbox 2082 1916 2568 1999; x_wconf 88' lang='lat' dir='ltr'>consiliariisque</span> <span class='ocrx_word' id='word_1_172' title='bbox 2638 1917 2767 1981; x_wconf 90' lang='lat' dir='ltr'>suis</span> <span class='ocrx_word' id='word_1_173' title='bbox 2826 1917 3140 1998; x_wconf 86' lang='lat' dir='ltr'>predictis,</span> 
     </span>
     <span class='ocr_line' id='line_1_19' title="bbox 425 2003 3143 2086; baseline 0 -19"><span class='ocrx_word' id='word_1_174' title='bbox 425 2021 557 2081; x_wconf 90' lang='lat' dir='ltr'>suo,</span> <span class='ocrx_word' id='word_1_175' title='bbox 605 2006 947 2069; x_wconf 89' lang='lat' dir='ltr'>communis</span> <span class='ocrx_word' id='word_1_176' title='bbox 995 2006 1057 2068; x_wconf 85' lang='lat' dir='ltr'>et</span> <span class='ocrx_word' id='word_1_177' title='bbox 1101 2005 1419 2070; x_wconf 91' lang='lat' dir='ltr'>hominum</span> <span class='ocrx_word' id='word_1_178' title='bbox 1467 2003 1882 2068; x_wconf 88' lang='lat' dir='ltr'>Veneciarum</span> <span class='ocrx_word' id='word_1_179' title='bbox 1930 2021 2298 2086; x_wconf 91' lang='lat' dir='ltr'>suorumque</span> <span class='ocrx_word' id='word_1_180' title='bbox 2359 2006 2634 2070; x_wconf 89' lang='lat' dir='ltr'>omnium</span> <span class='ocrx_word' id='word_1_181' title='bbox 2695 2003 2971 2069; x_wconf 90' lang='lat' dir='ltr'>fidelium</span> <span class='ocrx_word' id='word_1_182' title='bbox 3034 2022 3143 2067; x_wconf 89' lang='lat' dir='ltr'>no-</span> 
     </span>
     <span class='ocr_line' id='line_1_20' title="bbox 426 2089 3141 2175; baseline 0 -21"><span class='ocrx_word' id='word_1_183' title='bbox 426 2091 610 2169; x_wconf 91' lang='lat' dir='ltr'>mine,</span> <span class='ocrx_word' id='word_1_184' title='bbox 661 2095 726 2155; x_wconf 87' lang='lat' dir='ltr'>et</span> <span class='ocrx_word' id='word_1_185' title='bbox 771 2095 1019 2173; x_wconf 89' lang='lat' dir='ltr'>pactum</span> <span class='ocrx_word' id='word_1_186' title='bbox 1069 2091 1144 2155; x_wconf 91' lang='lat' dir='ltr'>de</span> <span class='ocrx_word' id='word_1_187' title='bbox 1191 2091 1475 2174; x_wconf 88' lang='lat' dir='ltr'>dampnis</span> <span class='ocrx_word' id='word_1_188' title='bbox 1536 2090 1828 2172; x_wconf 89' lang='lat' dir='ltr'>predictis</span> <span class='ocrx_word' id='word_1_189' title='bbox 1879 2091 1977 2155; x_wconf 87' lang='lat' dir='ltr'>vel</span> <span class='ocrx_word' id='word_1_190' title='bbox 2036 2094 2353 2156; x_wconf 88' lang='lat' dir='ltr'>occasione</span> <span class='ocrx_word' id='word_1_191' title='bbox 2413 2092 2689 2175; x_wconf 89' lang='lat' dir='ltr'>ipsorum</span> <span class='ocrx_word' id='word_1_192' title='bbox 2732 2089 3141 2156; x_wconf 89' lang='lat' dir='ltr'>restauracio-</span> 
     </span>
     <span class='ocr_line' id='line_1_21' title="bbox 427 2177 3142 2263; baseline 0.001 -22"><span class='ocrx_word' id='word_1_193' title='bbox 427 2196 565 2242; x_wconf 89' lang='lat' dir='ltr'>nem</span> <span class='ocrx_word' id='word_1_194' title='bbox 616 2179 689 2242; x_wconf 92' lang='lat' dir='ltr'>de</span> <span class='ocrx_word' id='word_1_195' title='bbox 737 2198 855 2243; x_wconf 91' lang='lat' dir='ltr'>non</span> <span class='ocrx_word' id='word_1_196' title='bbox 900 2179 1041 2262; x_wconf 90' lang='lat' dir='ltr'>plus</span> <span class='ocrx_word' id='word_1_197' title='bbox 1088 2177 1386 2260; x_wconf 84' lang='lat' dir='ltr'>petendo;</span> <span class='ocrx_word' id='word_1_198' title='bbox 1459 2181 1524 2243; x_wconf 89' lang='lat' dir='ltr'>et</span> <span class='ocrx_word' id='word_1_199' title='bbox 1569 2196 1689 2242; x_wconf 92' lang='lat' dir='ltr'>una</span> <span class='ocrx_word' id='word_1_200' title='bbox 1749 2196 1893 2260; x_wconf 91' lang='lat' dir='ltr'>pars</span> <span class='ocrx_word' id='word_1_201' title='bbox 1958 2178 2142 2243; x_wconf 90' lang='lat' dir='ltr'>alteri</span> <span class='ocrx_word' id='word_1_202' title='bbox 2207 2180 2370 2261; x_wconf 90' lang='lat' dir='ltr'>parti</span> <span class='ocrx_word' id='word_1_203' title='bbox 2433 2182 2776 2263; x_wconf 89' lang='lat' dir='ltr'>spontanea</span> <span class='ocrx_word' id='word_1_204' title='bbox 2823 2178 3142 2244; x_wconf 86' lang='lat' dir='ltr'>voluntate</span> 
     </span>
     <span class='ocr_line' id='line_1_22' title="bbox 426 2264 3191 2349; baseline 0 -20"><span class='ocrx_word' id='word_1_205' title='bbox 426 2266 713 2347; x_wconf 90' lang='lat' dir='ltr'>promisit</span> <span class='ocrx_word' id='word_1_206' title='bbox 761 2286 869 2331; x_wconf 91' lang='lat' dir='ltr'>suo</span> <span class='ocrx_word' id='word_1_207' title='bbox 912 2268 976 2330; x_wconf 90' lang='lat' dir='ltr'>et</span> <span class='ocrx_word' id='word_1_208' title='bbox 1024 2284 1275 2331; x_wconf 88' lang='lat' dir='ltr'>suorum</span> <span class='ocrx_word' id='word_1_209' title='bbox 1319 2264 1738 2331; x_wconf 89' lang='lat' dir='ltr'>communium</span> <span class='ocrx_word' id='word_1_210' title='bbox 1788 2266 2036 2330; x_wconf 90' lang='lat' dir='ltr'>nomine</span> <span class='ocrx_word' id='word_1_211' title='bbox 2083 2268 2289 2331; x_wconf 88' lang='lat' dir='ltr'>omnia</span> <span class='ocrx_word' id='word_1_212' title='bbox 2319 2268 2594 2348; x_wconf 88' lang='lat' dir='ltr'>predicta</span> <span class='ocrx_word' id='word_1_213' title='bbox 2640 2270 2705 2331; x_wconf 91' lang='lat' dir='ltr'>et</span> <span class='ocrx_word' id='word_1_214' title='bbox 2751 2266 2996 2349; x_wconf 85' lang='lat' dir='ltr'>singula</span> <span class='ocrx_word' id='word_1_215' title='bbox 3031 2264 3143 2329; x_wconf 89' lang='lat' dir='ltr'>ob·</span> <span class='ocrx_word' id='word_1_216' title='bbox 3187 2332 3191 2336; x_wconf 17' lang='grc' dir='ltr'><strong>Α</strong></span> 
     </span>
     <span class='ocr_line' id='line_1_23' title="bbox 427 2354 3137 2436; baseline 0 -20"><span class='ocrx_word' id='word_1_217' title='bbox 427 2371 670 2416; x_wconf 87' lang='lat' dir='ltr'>servare</span> <span class='ocrx_word' id='word_1_218' title='bbox 719 2356 784 2418; x_wconf 90' lang='lat' dir='ltr'>et</span> <span class='ocrx_word' id='word_1_219' title='bbox 844 2355 1243 2418; x_wconf 89' lang='lat' dir='ltr'>manutenere</span> <span class='ocrx_word' id='word_1_220' title='bbox 1299 2355 1596 2436; x_wconf 89' lang='lat' dir='ltr'>perpetuo</span> <span class='ocrx_word' id='word_1_221' title='bbox 1663 2372 1771 2435; x_wconf 92' lang='lat' dir='ltr'>per</span> <span class='ocrx_word' id='word_1_222' title='bbox 1830 2372 1895 2418; x_wconf 90' lang='lat' dir='ltr'>se</span> <span class='ocrx_word' id='word_1_223' title='bbox 1960 2370 2223 2435; x_wconf 88' lang='lat' dir='ltr'>suosque</span> <span class='ocrx_word' id='word_1_224' title='bbox 2284 2354 2539 2419; x_wconf 89' lang='lat' dir='ltr'>heredes</span> <span class='ocrx_word' id='word_1_225' title='bbox 2604 2358 2669 2418; x_wconf 92' lang='lat' dir='ltr'>et</span> <span class='ocrx_word' id='word_1_226' title='bbox 2734 2371 3137 2430; x_wconf 88' lang='lat' dir='ltr'>successores,</span> 
     </span>
     <span class='ocr_line' id='line_1_24' title="bbox 430 2439 3140 2522; baseline 0.001 -20"><span class='ocrx_word' id='word_1_227' title='bbox 430 2440 622 2504; x_wconf 85' lang='lat' dir='ltr'>salvis</span> <span class='ocrx_word' id='word_1_228' title='bbox 667 2441 864 2522; x_wconf 88' lang='lat' dir='ltr'>pactis</span> <span class='ocrx_word' id='word_1_229' title='bbox 910 2443 974 2504; x_wconf 92' lang='lat' dir='ltr'>et</span> <span class='ocrx_word' id='word_1_230' title='bbox 1017 2440 1470 2505; x_wconf 87' lang='lat' dir='ltr'>condicionibus</span> <span class='ocrx_word' id='word_1_231' title='bbox 1535 2439 1789 2504; x_wconf 84' lang='lat' dir='ltr'>inferius</span> <span class='ocrx_word' id='word_1_232' title='bbox 1857 2440 2207 2504; x_wconf 82' lang='lat' dir='ltr'>nominatis,</span> <span class='ocrx_word' id='word_1_233' title='bbox 2281 2442 2442 2504; x_wconf 93' lang='lat' dir='ltr'>Item</span> <span class='ocrx_word' id='word_1_234' title='bbox 2510 2459 2620 2522; x_wconf 90' lang='lat' dir='ltr'>pro</span> <span class='ocrx_word' id='word_1_235' title='bbox 2691 2442 3140 2505; x_wconf 86' lang='lat' dir='ltr'>restauratione</span> 
     </span>
     <span class='ocr_line' id='line_1_25' title="bbox 431 2526 3140 2610; baseline 0 -20"><span class='ocrx_word' id='word_1_236' title='bbox 431 2526 835 2607; x_wconf 90' lang='lat' dir='ltr'>dampnorum</span> <span class='ocrx_word' id='word_1_237' title='bbox 884 2529 944 2591; x_wconf 92' lang='lat' dir='ltr'>in</span> <span class='ocrx_word' id='word_1_238' title='bbox 972 2530 1288 2610; x_wconf 83' lang='lat' dir='ltr'>posterum</span> <span class='ocrx_word' id='word_1_239' title='bbox 1332 2527 1685 2592; x_wconf 89' lang='lat' dir='ltr'>habitorum</span> <span class='ocrx_word' id='word_1_240' title='bbox 1731 2528 1794 2591; x_wconf 90' lang='lat' dir='ltr'>et</span> <span class='ocrx_word' id='word_1_241' title='bbox 1837 2529 2222 2608; x_wconf 88' lang='lat' dir='ltr'>receptorum</span> <span class='ocrx_word' id='word_1_242' title='bbox 2267 2528 2345 2591; x_wconf 91' lang='lat' dir='ltr'>ab</span> <span class='ocrx_word' id='word_1_243' title='bbox 2392 2528 2746 2593; x_wconf 91' lang='lat' dir='ltr'>hominibus</span> <span class='ocrx_word' id='word_1_244' title='bbox 2781 2526 3140 2592; x_wconf 78' lang='lat' dir='ltr'>Almesanis</span> 
     </span>
     <span class='ocr_line' id='line_1_26' title="bbox 430 2613 3138 2698; baseline 0 -20"><span class='ocrx_word' id='word_1_245' title='bbox 430 2615 713 2678; x_wconf 87' lang='lat' dir='ltr'>datorum</span> <span class='ocrx_word' id='word_1_246' title='bbox 762 2615 1113 2680; x_wconf 89' lang='lat' dir='ltr'>hominibus</span> <span class='ocrx_word' id='word_1_247' title='bbox 1140 2615 1544 2681; x_wconf 85' lang='lat' dir='ltr'>Veneciarum</span> <span class='ocrx_word' id='word_1_248' title='bbox 1592 2614 1841 2697; x_wconf 91' lang='lat' dir='ltr'>suisque</span> <span class='ocrx_word' id='word_1_249' title='bbox 1888 2613 2173 2680; x_wconf 89' lang='lat' dir='ltr'>fidelibus</span> <span class='ocrx_word' id='word_1_250' title='bbox 2199 2616 2614 2698; x_wconf 75' lang='lat' dir='ltr'>promiserunt</span> <span class='ocrx_word' id='word_1_251' title='bbox 2660 2615 2849 2680; x_wconf 90' lang='lat' dir='ltr'>iidem</span> <span class='ocrx_word' id='word_1_252' title='bbox 2876 2616 3138 2680; x_wconf 89' lang='lat' dir='ltr'>comites</span> 
     </span>
     <span class='ocr_line' id='line_1_27' title="bbox 427 2701 3142 2785; baseline -0 -19"><span class='ocrx_word' id='word_1_253' title='bbox 427 2701 636 2766; x_wconf 86' lang='lat' dir='ltr'>Rados</span> <span class='ocrx_word' id='word_1_254' title='bbox 682 2705 745 2766; x_wconf 85' lang='lat' dir='ltr'>et</span> <span class='ocrx_word' id='word_1_255' title='bbox 793 2702 1432 2785; x_wconf 80' lang='lat' dir='ltr'>BogdanusAlmesii</span> <span class='ocrx_word' id='word_1_256' title='bbox 1481 2721 1611 2779; x_wconf 90' lang='lat' dir='ltr'>suo,</span> <span class='ocrx_word' id='word_1_257' title='bbox 1659 2703 2127 2766; x_wconf 89' lang='lat' dir='ltr'>communitatis</span> <span class='ocrx_word' id='word_1_258' title='bbox 2189 2705 2253 2765; x_wconf 92' lang='lat' dir='ltr'>et</span> <span class='ocrx_word' id='word_1_259' title='bbox 2312 2704 2635 2767; x_wconf 87' lang='lat' dir='ltr'>hominum</span> <span class='ocrx_word' id='word_1_260' title='bbox 2699 2701 2966 2767; x_wconf 86' lang='lat' dir='ltr'>Almesii</span> <span class='ocrx_word' id='word_1_261' title='bbox 3032 2719 3142 2765; x_wconf 89' lang='lat' dir='ltr'>no·</span> 
     </span>
     <span class='ocr_line' id='line_1_28' title="bbox 423 2789 3137 2872; baseline 0 -20"><span class='ocrx_word' id='word_1_262' title='bbox 423 2789 589 2853; x_wconf 89' lang='lat' dir='ltr'>mine</span> <span class='ocrx_word' id='word_1_263' title='bbox 635 2789 911 2870; x_wconf 90' lang='lat' dir='ltr'>predicto</span> <span class='ocrx_word' id='word_1_264' title='bbox 957 2790 1198 2854; x_wconf 91' lang='lat' dir='ltr'>domino</span> <span class='ocrx_word' id='word_1_265' title='bbox 1241 2789 1567 2856; x_wconf 87' lang='lat' dir='ltr'>Albertino</span> <span class='ocrx_word' id='word_1_266' title='bbox 1613 2789 1847 2864; x_wconf 88' lang='lat' dir='ltr'>comiti,</span> <span class='ocrx_word' id='word_1_267' title='bbox 1898 2789 2147 2871; x_wconf 76' lang='lat' dir='ltr'>suisque</span> <span class='ocrx_word' id='word_1_268' title='bbox 2169 2790 2545 2866; x_wconf 39' lang='lat' dir='ltr'>,consiliariis</span> <span class='ocrx_word' id='word_1_269' title='bbox 2579 2790 2969 2872; x_wconf 90' lang='lat' dir='ltr'>supradictis,</span> <span class='ocrx_word' id='word_1_270' title='bbox 3005 2807 3137 2867; x_wconf 90' lang='lat' dir='ltr'>suo,</span> 
     </span>
     <span class='ocr_line' id='line_1_29' title="bbox 341 2875 3142 2958; baseline -0.002 -13"><span class='ocrx_word' id='word_1_271' title='bbox 341 2941 345 2945; x_wconf 74' lang='grc'><strong>,</strong></span> <span class='ocrx_word' id='word_1_272' title='bbox 423 2876 653 2940; x_wconf 88' lang='lat' dir='ltr'>domini</span> <span class='ocrx_word' id='word_1_273' title='bbox 702 2876 897 2955; x_wconf 91' lang='lat' dir='ltr'>ducis,</span> <span class='ocrx_word' id='word_1_274' title='bbox 948 2877 1415 2942; x_wconf 89' lang='lat' dir='ltr'>communitatis</span> <span class='ocrx_word' id='word_1_275' title='bbox 1458 2879 1522 2941; x_wconf 89' lang='lat' dir='ltr'>et</span> <span class='ocrx_word' id='word_1_276' title='bbox 1563 2876 1880 2940; x_wconf 90' lang='lat' dir='ltr'>hominum</span> <span class='ocrx_word' id='word_1_277' title='bbox 1913 2875 2315 2940; x_wconf 77' lang='lat' dir='ltr'>veneciarum</span> <span class='ocrx_word' id='word_1_278' title='bbox 2342 2876 2586 2940; x_wconf 90' lang='lat' dir='ltr'>nomine</span> <span class='ocrx_word' id='word_1_279' title='bbox 2626 2895 2736 2958; x_wconf 89' lang='lat' dir='ltr'>pro</span> <span class='ocrx_word' id='word_1_280' title='bbox 2778 2877 2936 2941; x_wconf 90' lang='lat' dir='ltr'>bono</span> <span class='ocrx_word' id='word_1_281' title='bbox 2968 2875 3142 2958; x_wconf 91' lang='lat' dir='ltr'>pacis</span> 
     </span>
     <span class='ocr_line' id='line_1_30' title="bbox 426 2962 3138 3045; baseline -0 -18"><span class='ocrx_word' id='word_1_282' title='bbox 426 2965 491 3027; x_wconf 90' lang='lat' dir='ltr'>et</span> <span class='ocrx_word' id='word_1_283' title='bbox 534 2964 851 3028; x_wconf 89' lang='lat' dir='ltr'>concordie</span> <span class='ocrx_word' id='word_1_284' title='bbox 911 2964 1059 3028; x_wconf 89' lang='lat' dir='ltr'>dare</span> <span class='ocrx_word' id='word_1_285' title='bbox 1121 2964 1185 3028; x_wconf 92' lang='lat' dir='ltr'>et</span> <span class='ocrx_word' id='word_1_286' title='bbox 1246 2965 1482 3028; x_wconf 89' lang='lat' dir='ltr'>solvere</span> <span class='ocrx_word' id='word_1_287' title='bbox 1545 2962 1666 3045; x_wconf 91' lang='lat' dir='ltr'>ipsi</span> <span class='ocrx_word' id='word_1_288' title='bbox 1714 2962 1958 3028; x_wconf 92' lang='lat' dir='ltr'>domino</span> <span class='ocrx_word' id='word_1_289' title='bbox 2021 2962 2348 3027; x_wconf 88' lang='lat' dir='ltr'>Albertino</span> <span class='ocrx_word' id='word_1_290' title='bbox 2409 2965 2474 3027; x_wconf 89' lang='lat' dir='ltr'>et</span> <span class='ocrx_word' id='word_1_291' title='bbox 2533 2963 2718 3028; x_wconf 83' lang='lat' dir='ltr'>dictis</span> <span class='ocrx_word' id='word_1_292' title='bbox 2767 2962 3138 3028; x_wconf 91' lang='lat' dir='ltr'>consiliariis</span> 
     </span>
     <span class='ocr_line' id='line_1_31' title="bbox 424 3048 3140 3133; baseline 0.001 -21"><span class='ocrx_word' id='word_1_293' title='bbox 424 3049 864 3132; x_wconf 90' lang='lat' dir='ltr'>recipientibus</span> <span class='ocrx_word' id='word_1_294' title='bbox 911 3070 1020 3133; x_wconf 91' lang='lat' dir='ltr'>pro</span> <span class='ocrx_word' id='word_1_295' title='bbox 1069 3070 1134 3115; x_wconf 91' lang='lat' dir='ltr'>se</span> <span class='ocrx_word' id='word_1_296' title='bbox 1175 3050 1307 3115; x_wconf 85' lang='lat' dir='ltr'>vice</span> <span class='ocrx_word' id='word_1_297' title='bbox 1353 3051 1418 3115; x_wconf 88' lang='lat' dir='ltr'>et</span> <span class='ocrx_word' id='word_1_298' title='bbox 1464 3052 1709 3115; x_wconf 88' lang='lat' dir='ltr'>nomine</span> <span class='ocrx_word' id='word_1_299' title='bbox 1756 3050 1905 3113; x_wconf 92' lang='lat' dir='ltr'>dicti</span> <span class='ocrx_word' id='word_1_300' title='bbox 1951 3050 2183 3114; x_wconf 91' lang='lat' dir='ltr'>domini</span> <span class='ocrx_word' id='word_1_301' title='bbox 2227 3048 2400 3114; x_wconf 91' lang='lat' dir='ltr'>ducis</span> <span class='ocrx_word' id='word_1_302' title='bbox 2448 3052 2511 3114; x_wconf 89' lang='lat' dir='ltr'>et</span> <span class='ocrx_word' id='word_1_303' title='bbox 2555 3050 2903 3115; x_wconf 88' lang='lat' dir='ltr'>communis</span> <span class='ocrx_word' id='word_1_304' title='bbox 2934 3050 3140 3115; x_wconf 86' lang='lat' dir='ltr'>Vene-</span> 
     </span>
     <span class='ocr_line' id='line_1_32' title="bbox 426 3134 3137 3221; baseline 0.001 -22"><span class='ocrx_word' id='word_1_305' title='bbox 426 3137 660 3200; x_wconf 91' lang='lat' dir='ltr'>ciarum</span> <span class='ocrx_word' id='word_1_306' title='bbox 708 3138 807 3201; x_wconf 87' lang='lat' dir='ltr'>vel</span> <span class='ocrx_word' id='word_1_307' title='bbox 855 3138 998 3202; x_wconf 92' lang='lat' dir='ltr'>aliis</span> <span class='ocrx_word' id='word_1_308' title='bbox 1046 3138 1344 3218; x_wconf 89' lang='lat' dir='ltr'>personis,</span> <span class='ocrx_word' id='word_1_309' title='bbox 1393 3157 1510 3219; x_wconf 90' lang='lat' dir='ltr'>que</span> <span class='ocrx_word' id='word_1_310' title='bbox 1556 3156 1738 3219; x_wconf 90' lang='lat' dir='ltr'>super</span> <span class='ocrx_word' id='word_1_311' title='bbox 1784 3135 1906 3199; x_wconf 89' lang='lat' dir='ltr'>hiis</span> <span class='ocrx_word' id='word_1_312' title='bbox 1953 3136 2286 3202; x_wconf 88' lang='lat' dir='ltr'>constitute</span> <span class='ocrx_word' id='word_1_313' title='bbox 2349 3134 2580 3203; x_wconf 84' lang='lat' dir='ltr'>fuerint</span> <span class='ocrx_word' id='word_1_314' title='bbox 2642 3158 2751 3221; x_wconf 90' lang='lat' dir='ltr'>per</span> <span class='ocrx_word' id='word_1_315' title='bbox 2809 3156 3137 3202; x_wconf 87' lang='lat' dir='ltr'>commune</span> 
     </span>
     <span class='ocr_line' id='line_1_33' title="bbox 429 3223 3146 3309; baseline 0.001 -23"><span class='ocrx_word' id='word_1_316' title='bbox 429 3223 832 3289; x_wconf 78' lang='lat' dir='ltr'>veneciarum</span> <span class='ocrx_word' id='word_1_317' title='bbox 876 3224 1300 3308; x_wconf 90' lang='lat' dir='ltr'>supradictum</span> <span class='ocrx_word' id='word_1_318' title='bbox 1347 3225 1539 3289; x_wconf 89' lang='lat' dir='ltr'>libras</span> <span class='ocrx_word' id='word_1_319' title='bbox 1605 3225 1819 3289; x_wconf 88' lang='lat' dir='ltr'>decem</span> <span class='ocrx_word' id='word_1_320' title='bbox 1885 3223 2061 3288; x_wconf 88' lang='lat' dir='ltr'>milia</span> <span class='ocrx_word' id='word_1_321' title='bbox 2124 3224 2514 3290; x_wconf 88' lang='lat' dir='ltr'>denariorum</span> <span class='ocrx_word' id='word_1_322' title='bbox 2587 3226 2951 3291; x_wconf 88' lang='lat' dir='ltr'>venetorum</span> <span class='ocrx_word' id='word_1_323' title='bbox 2995 3243 3146 3309; x_wconf 92' lang='lat' dir='ltr'>par-</span> 
     </span>
     <span class='ocr_line' id='line_1_34' title="bbox 425 3310 3144 3397; baseline 0.001 -23"><span class='ocrx_word' id='word_1_324' title='bbox 425 3329 640 3376; x_wconf 85' lang='lat' dir='ltr'>vorum</span> <span class='ocrx_word' id='word_1_325' title='bbox 685 3331 790 3393; x_wconf 93' lang='lat' dir='ltr'>pro</span> <span class='ocrx_word' id='word_1_326' title='bbox 839 3312 1062 3394; x_wconf 84' lang='lat' dir='ltr'>viginti</span> <span class='ocrx_word' id='word_1_327' title='bbox 1110 3312 1287 3376; x_wconf 91' lang='lat' dir='ltr'>annis</span> <span class='ocrx_word' id='word_1_328' title='bbox 1334 3310 1627 3395; x_wconf 84' lang='lat' dir='ltr'>proximis</span> <span class='ocrx_word' id='word_1_329' title='bbox 1676 3313 1973 3390; x_wconf 82' lang='lat' dir='ltr'>venturis,</span> <span class='ocrx_word' id='word_1_330' title='bbox 2022 3311 2312 3376; x_wconf 85' lang='lat' dir='ltr'>videlicet</span> <span class='ocrx_word' id='word_1_331' title='bbox 2374 3311 2566 3378; x_wconf 88' lang='lat' dir='ltr'>libras</span> <span class='ocrx_word' id='word_1_332' title='bbox 2605 3313 2985 3397; x_wconf 28' lang='lat' dir='ltr'>,quingentas</span> <span class='ocrx_word' id='word_1_333' title='bbox 3032 3331 3144 3377; x_wconf 89' lang='lat' dir='ltr'>an·</span> 
     </span>
     <span class='ocr_line' id='line_1_35' title="bbox 428 3398 3146 3483; baseline 0.001 -22"><span class='ocrx_word' id='word_1_334' title='bbox 428 3399 690 3476; x_wconf 90' lang='lat' dir='ltr'>nuatim,</span> <span class='ocrx_word' id='word_1_335' title='bbox 740 3399 1083 3480; x_wconf 87' lang='lat' dir='ltr'>incipiendo</span> <span class='ocrx_word' id='word_1_336' title='bbox 1125 3399 1462 3463; x_wconf 88' lang='lat' dir='ltr'>terminum</span> <span class='ocrx_word' id='word_1_337' title='bbox 1524 3419 1559 3464; x_wconf 90' lang='lat' dir='ltr'>a</span> <span class='ocrx_word' id='word_1_338' title='bbox 1606 3400 1932 3463; x_wconf 89' lang='lat' dir='ltr'>nativitate</span> <span class='ocrx_word' id='word_1_339' title='bbox 1994 3398 2227 3464; x_wconf 89' lang='lat' dir='ltr'>domini</span> <span class='ocrx_word' id='word_1_340' title='bbox 2287 3401 2562 3481; x_wconf 84' lang='lat' dir='ltr'>proxime</span> <span class='ocrx_word' id='word_1_341' title='bbox 2624 3402 2886 3465; x_wconf 84' lang='lat' dir='ltr'>ventura</span> <span class='ocrx_word' id='word_1_342' title='bbox 2949 3417 3146 3483; x_wconf 91' lang='lat' dir='ltr'>usque</span> 
     </span>
     <span class='ocr_line' id='line_1_36' title="bbox 426 3486 3149 3570; baseline 0.001 -22"><span class='ocrx_word' id='word_1_343' title='bbox 426 3486 503 3548; x_wconf 92' lang='lat' dir='ltr'>ad</span> <span class='ocrx_word' id='word_1_344' title='bbox 549 3487 738 3550; x_wconf 90' lang='lat' dir='ltr'>aliam</span> <span class='ocrx_word' id='word_1_345' title='bbox 785 3487 1178 3551; x_wconf 85' lang='lat' dir='ltr'>nativitatem</span> <span class='ocrx_word' id='word_1_346' title='bbox 1228 3487 1460 3551; x_wconf 90' lang='lat' dir='ltr'>domini</span> <span class='ocrx_word' id='word_1_347' title='bbox 1508 3486 1780 3568; x_wconf 84' lang='lat' dir='ltr'>proxime</span> <span class='ocrx_word' id='word_1_348' title='bbox 1829 3489 2152 3551; x_wconf 86' lang='lat' dir='ltr'>venturam</span> <span class='ocrx_word' id='word_1_349' title='bbox 2203 3488 2346 3551; x_wconf 91' lang='lat' dir='ltr'>anni</span> <span class='ocrx_word' id='word_1_350' title='bbox 2393 3486 2624 3565; x_wconf 89' lang='lat' dir='ltr'>futuri,</span> <span class='ocrx_word' id='word_1_351' title='bbox 2694 3487 2984 3553; x_wconf 86' lang='lat' dir='ltr'>solvendo</span> <span class='ocrx_word' id='word_1_352' title='bbox 3033 3505 3149 3570; x_wconf 93' lang='lat' dir='ltr'>pro</span> 
     </span>
     <span class='ocr_line' id='line_1_37' title="bbox 427 3572 3151 3656; baseline 0.001 -20"><span class='ocrx_word' id='word_1_353' title='bbox 427 3572 703 3654; x_wconf 90' lang='lat' dir='ltr'>quolibet</span> <span class='ocrx_word' id='word_1_354' title='bbox 748 3574 1012 3638; x_wconf 91' lang='lat' dir='ltr'>termino</span> <span class='ocrx_word' id='word_1_355' title='bbox 1053 3575 1114 3637; x_wconf 92' lang='lat' dir='ltr'>in</span> <span class='ocrx_word' id='word_1_356' title='bbox 1154 3572 1356 3656; x_wconf 86' lang='lat' dir='ltr'>capite</span> <span class='ocrx_word' id='word_1_357' title='bbox 1402 3574 1564 3648; x_wconf 91' lang='lat' dir='ltr'>anni,</span> <span class='ocrx_word' id='word_1_358' title='bbox 1615 3591 1721 3654; x_wconf 93' lang='lat' dir='ltr'>pro</span> <span class='ocrx_word' id='word_1_359' title='bbox 1768 3574 1990 3655; x_wconf 88' lang='lat' dir='ltr'>quibus</span> <span class='ocrx_word' id='word_1_360' title='bbox 2037 3574 2347 3638; x_wconf 87' lang='lat' dir='ltr'>solvendis</span> <span class='ocrx_word' id='word_1_361' title='bbox 2405 3576 2469 3638; x_wconf 90' lang='lat' dir='ltr'>et</span> <span class='ocrx_word' id='word_1_362' title='bbox 2515 3576 2904 3640; x_wconf 86' lang='lat' dir='ltr'>attendendis</span> <span class='ocrx_word' id='word_1_363' title='bbox 2968 3593 3033 3640; x_wconf 93' lang='lat' dir='ltr'>se</span> <span class='ocrx_word' id='word_1_364' title='bbox 3081 3575 3151 3639; x_wconf 87' lang='lat' dir='ltr'>et</span> 
     </span>
     <span class='ocr_line' id='line_1_38' title="bbox 425 3660 3147 3746; baseline 0.001 -23"><span class='ocrx_word' id='word_1_365' title='bbox 425 3661 629 3724; x_wconf 90' lang='lat' dir='ltr'>omnia</span> <span class='ocrx_word' id='word_1_366' title='bbox 687 3678 799 3723; x_wconf 90' lang='lat' dir='ltr'>sua</span> <span class='ocrx_word' id='word_1_367' title='bbox 844 3661 1003 3725; x_wconf 93' lang='lat' dir='ltr'>bona</span> <span class='ocrx_word' id='word_1_368' title='bbox 1061 3662 1371 3743; x_wconf 89' lang='lat' dir='ltr'>presentia</span> <span class='ocrx_word' id='word_1_369' title='bbox 1418 3663 1482 3725; x_wconf 92' lang='lat' dir='ltr'>et</span> <span class='ocrx_word' id='word_1_370' title='bbox 1537 3660 1745 3725; x_wconf 86' lang='lat' dir='ltr'>futura</span> <span class='ocrx_word' id='word_1_371' title='bbox 1806 3678 2173 3742; x_wconf 88' lang='lat' dir='ltr'>suorumque</span> <span class='ocrx_word' id='word_1_372' title='bbox 2237 3661 2533 3726; x_wconf 85' lang='lat' dir='ltr'>heredum</span> <span class='ocrx_word' id='word_1_373' title='bbox 2591 3663 2963 3746; x_wconf 90' lang='lat' dir='ltr'>ubicumque</span> <span class='ocrx_word' id='word_1_374' title='bbox 3013 3681 3147 3725; x_wconf 91' lang='lat' dir='ltr'>ma-</span> 
     </span>
     <span class='ocr_line' id='line_1_39' title="bbox 424 3747 3150 3829; baseline 0.001 -19"><span class='ocrx_word' id='word_1_375' title='bbox 424 3748 631 3811; x_wconf 87' lang='lat' dir='ltr'>nentia</span> <span class='ocrx_word' id='word_1_376' title='bbox 677 3747 1021 3813; x_wconf 88' lang='lat' dir='ltr'>liberaliter</span> <span class='ocrx_word' id='word_1_377' title='bbox 1069 3748 1428 3829; x_wconf 86' lang='lat' dir='ltr'>obligarunt</span> <span class='ocrx_word' id='word_1_378' title='bbox 1489 3767 1560 3813; x_wconf 90' lang='lat' dir='ltr'>ac</span> <span class='ocrx_word' id='word_1_379' title='bbox 1625 3749 1782 3813; x_wconf 90' lang='lat' dir='ltr'>bona</span> <span class='ocrx_word' id='word_1_380' title='bbox 1845 3749 2187 3811; x_wconf 89' lang='lat' dir='ltr'>communis</span> <span class='ocrx_word' id='word_1_381' title='bbox 2235 3752 2298 3813; x_wconf 91' lang='lat' dir='ltr'>et</span> <span class='ocrx_word' id='word_1_382' title='bbox 2343 3749 2664 3813; x_wconf 92' lang='lat' dir='ltr'>hominum</span> <span class='ocrx_word' id='word_1_383' title='bbox 2708 3749 2972 3814; x_wconf 88' lang='lat' dir='ltr'>Almesii</span> <span class='ocrx_word' id='word_1_384' title='bbox 3034 3768 3150 3813; x_wconf 92' lang='lat' dir='ltr'>su-</span> 
     </span>
     <span class='ocr_line' id='line_1_40' title="bbox 424 3834 3144 3917; baseline 0.001 -20"><span class='ocrx_word' id='word_1_385' title='bbox 424 3834 685 3915; x_wconf 89' lang='lat' dir='ltr'>pradicti</span> <span class='ocrx_word' id='word_1_386' title='bbox 732 3834 847 3899; x_wconf 89' lang='lat' dir='ltr'>sub</span> <span class='ocrx_word' id='word_1_387' title='bbox 902 3854 1060 3917; x_wconf 90' lang='lat' dir='ltr'>pena</span> <span class='ocrx_word' id='word_1_388' title='bbox 1121 3834 1290 3916; x_wconf 93' lang='lat' dir='ltr'>dupli</span> <span class='ocrx_word' id='word_1_389' title='bbox 1359 3834 1611 3917; x_wconf 92' lang='lat' dir='ltr'>dampni</span> <span class='ocrx_word' id='word_1_390' title='bbox 1664 3837 1727 3898; x_wconf 93' lang='lat' dir='ltr'>et</span> <span class='ocrx_word' id='word_1_391' title='bbox 1785 3836 2103 3899; x_wconf 90' lang='lat' dir='ltr'>interesse.</span> <span class='ocrx_word' id='word_1_392' title='bbox 2183 3835 2602 3900; x_wconf 83' lang='lat' dir='ltr'>Fideiussores</span> <span class='ocrx_word' id='word_1_393' title='bbox 2669 3839 2877 3900; x_wconf 89' lang='lat' dir='ltr'>autem</span> <span class='ocrx_word' id='word_1_394' title='bbox 2926 3852 3144 3899; x_wconf 89' lang='lat' dir='ltr'>eorum</span> 
     </span>
     <span class='ocr_line' id='line_1_41' title="bbox 421 3918 3151 4004; baseline 0.001 -20"><span class='ocrx_word' id='word_1_395' title='bbox 421 3922 756 3985; x_wconf 82' lang='lat' dir='ltr'>extiterunt</span> <span class='ocrx_word' id='word_1_396' title='bbox 814 3924 879 3987; x_wconf 91' lang='lat' dir='ltr'>et</span> <span class='ocrx_word' id='word_1_397' title='bbox 924 3921 1291 4004; x_wconf 87' lang='lat' dir='ltr'>principales</span> <span class='ocrx_word' id='word_1_398' title='bbox 1348 3922 1658 3987; x_wconf 91' lang='lat' dir='ltr'>debitores</span> <span class='ocrx_word' id='word_1_399' title='bbox 1722 3923 1837 3986; x_wconf 89' lang='lat' dir='ltr'>viri</span> <span class='ocrx_word' id='word_1_400' title='bbox 1899 3921 2134 3986; x_wconf 91' lang='lat' dir='ltr'>nobiles</span> <span class='ocrx_word' id='word_1_401' title='bbox 2205 3922 2441 3987; x_wconf 92' lang='lat' dir='ltr'>domini</span> <span class='ocrx_word' id='word_1_402' title='bbox 2502 3921 2788 3987; x_wconf 89' lang='lat' dir='ltr'>Andreas</span> <span class='ocrx_word' id='word_1_403' title='bbox 2833 3921 2909 3985; x_wconf 92' lang='lat' dir='ltr'>de</span> <span class='ocrx_word' id='word_1_404' title='bbox 2955 3918 3151 3986; x_wconf 89' lang='lat' dir='ltr'>Coto-</span> 
     </span>
     <span class='ocr_line' id='line_1_42' title="bbox 421 4006 3147 4091; baseline 0 -20"><span class='ocrx_word' id='word_1_405' title='bbox 421 4026 637 4091; x_wconf 86' lang='lat' dir='ltr'>pagno‚</span> <span class='ocrx_word' id='word_1_406' title='bbox 685 4006 1002 4073; x_wconf 86' lang='lat' dir='ltr'>Johannes</span> <span class='ocrx_word' id='word_1_407' title='bbox 1066 4011 1138 4074; x_wconf 91' lang='lat' dir='ltr'>de</span> <span class='ocrx_word' id='word_1_408' title='bbox 1201 4008 1564 4086; x_wconf 87' lang='lat' dir='ltr'>Zevatellis,</span> <span class='ocrx_word' id='word_1_409' title='bbox 1623 4009 1892 4074; x_wconf 82' lang='lat' dir='ltr'>Jacobus</span> <span class='ocrx_word' id='word_1_410' title='bbox 1955 4009 2030 4074; x_wconf 89' lang='lat' dir='ltr'>de</span> <span class='ocrx_word' id='word_1_411' title='bbox 2089 4008 2418 4088; x_wconf 90' lang='lat' dir='ltr'>Zadolino‚</span> <span class='ocrx_word' id='word_1_412' title='bbox 2491 4008 2828 4091; x_wconf 82' lang='lat' dir='ltr'>Gregorius</span> <span class='ocrx_word' id='word_1_413' title='bbox 2891 4006 3147 4072; x_wconf 89' lang='lat' dir='ltr'>comitis</span> 
     </span>
     <span class='ocr_line' id='line_1_43' title="bbox 418 4094 3146 4179; baseline 0 -21"><span class='ocrx_word' id='word_1_414' title='bbox 418 4094 636 4178; x_wconf 82' lang='lat' dir='ltr'>Helye,</span> <span class='ocrx_word' id='word_1_415' title='bbox 683 4095 1054 4161; x_wconf 88' lang='lat' dir='ltr'>Laurentius</span> <span class='ocrx_word' id='word_1_416' title='bbox 1100 4098 1173 4161; x_wconf 91' lang='lat' dir='ltr'>de</span> <span class='ocrx_word' id='word_1_417' title='bbox 1220 4096 1580 4174; x_wconf 88' lang='lat' dir='ltr'>Zevalellis,</span> <span class='ocrx_word' id='word_1_418' title='bbox 1647 4096 1795 4161; x_wconf 90' lang='lat' dir='ltr'>Vita</span> <span class='ocrx_word' id='word_1_419' title='bbox 1855 4095 1931 4160; x_wconf 92' lang='lat' dir='ltr'>de</span> <span class='ocrx_word' id='word_1_420' title='bbox 1977 4095 2206 4172; x_wconf 81' lang='lat' dir='ltr'>Cerne,</span> <span class='ocrx_word' id='word_1_421' title='bbox 2268 4096 2576 4179; x_wconf 84' lang='lat' dir='ltr'>Vulcigna</span> <span class='ocrx_word' id='word_1_422' title='bbox 2635 4096 2713 4160; x_wconf 90' lang='lat' dir='ltr'>de</span> <span class='ocrx_word' id='word_1_423' title='bbox 2771 4095 3146 4173; x_wconf 87' lang='lat' dir='ltr'>Matafarro,</span> 
     </span>
     <span class='ocr_line' id='line_1_44' title="bbox 419 4181 3145 4267; baseline 0 -22"><span class='ocrx_word' id='word_1_424' title='bbox 419 4181 614 4246; x_wconf 88' lang='lat' dir='ltr'>Dessa</span> <span class='ocrx_word' id='word_1_425' title='bbox 654 4181 730 4245; x_wconf 92' lang='lat' dir='ltr'>de</span> <span class='ocrx_word' id='word_1_426' title='bbox 777 4182 1132 4267; x_wconf 83' lang='lat' dir='ltr'>Fanfogna,</span> <span class='ocrx_word' id='word_1_427' title='bbox 1197 4184 1439 4267; x_wconf 83' lang='lat' dir='ltr'>Barchy</span> <span class='ocrx_word' id='word_1_428' title='bbox 1487 4186 1558 4248; x_wconf 92' lang='lat' dir='ltr'>de</span> <span class='ocrx_word' id='word_1_429' title='bbox 1604 4182 1915 4249; x_wconf 83' lang='lat' dir='ltr'>Jurisclao</span> <span class='ocrx_word' id='word_1_430' title='bbox 1980 4187 2046 4249; x_wconf 89' lang='lat' dir='ltr'>et</span> <span class='ocrx_word' id='word_1_431' title='bbox 2105 4183 2459 4249; x_wconf 87' lang='lat' dir='ltr'>Thomanus</span> <span class='ocrx_word' id='word_1_432' title='bbox 2524 4182 2829 4249; x_wconf 84' lang='lat' dir='ltr'>Johannis</span> <span class='ocrx_word' id='word_1_433' title='bbox 2881 4182 3075 4247; x_wconf 84' lang='lat' dir='ltr'>Zavat</span> <span class='ocrx_word' id='word_1_434' title='bbox 3093 4202 3145 4258; x_wconf 88' lang='lat' dir='ltr'>e,</span> 
     </span>
     <span class='ocr_line' id='line_1_45' title="bbox 417 4269 3151 4354; baseline 0.001 -22"><span class='ocrx_word' id='word_1_435' title='bbox 417 4269 519 4349; x_wconf 90' lang='lat' dir='ltr'>qui</span> <span class='ocrx_word' id='word_1_436' title='bbox 566 4287 777 4334; x_wconf 92' lang='lat' dir='ltr'>omnes</span> <span class='ocrx_word' id='word_1_437' title='bbox 822 4271 1244 4352; x_wconf 87' lang='lat' dir='ltr'>promiserunt</span> <span class='ocrx_word' id='word_1_438' title='bbox 1285 4271 1485 4336; x_wconf 85' lang='lat' dir='ltr'>dictas</span> <span class='ocrx_word' id='word_1_439' title='bbox 1529 4271 1721 4335; x_wconf 88' lang='lat' dir='ltr'>libras</span> <span class='ocrx_word' id='word_1_440' title='bbox 1763 4270 1980 4335; x_wconf 90' lang='lat' dir='ltr'>decem</span> <span class='ocrx_word' id='word_1_441' title='bbox 2027 4271 2203 4334; x_wconf 91' lang='lat' dir='ltr'>milia</span> <span class='ocrx_word' id='word_1_442' title='bbox 2250 4271 2643 4336; x_wconf 89' lang='lat' dir='ltr'>denariorum</span> <span class='ocrx_word' id='word_1_443' title='bbox 2689 4288 3023 4354; x_wconf 84' lang='lat' dir='ltr'>parvorum</span> <span class='ocrx_word' id='word_1_444' title='bbox 3050 4271 3151 4335; x_wconf 89' lang='lat' dir='ltr'>ad</span> 
     </span>
     <span class='ocr_line' id='line_1_46' title="bbox 414 4355 3130 4439; baseline 0.001 -21"><span class='ocrx_word' id='word_1_445' title='bbox 414 4355 611 4420; x_wconf 90' lang='lat' dir='ltr'>dictos</span> <span class='ocrx_word' id='word_1_446' title='bbox 656 4358 952 4421; x_wconf 90' lang='lat' dir='ltr'>terminos</span> <span class='ocrx_word' id='word_1_447' title='bbox 999 4359 1236 4423; x_wconf 82' lang='lat' dir='ltr'>solvere</span> <span class='ocrx_word' id='word_1_448' title='bbox 1283 4359 1607 4422; x_wconf 89' lang='lat' dir='ltr'>annuatim</span> <span class='ocrx_word' id='word_1_449' title='bbox 1650 4358 1888 4439; x_wconf 84' lang='lat' dir='ltr'>prefato</span> <span class='ocrx_word' id='word_1_450' title='bbox 1936 4358 2180 4422; x_wconf 92' lang='lat' dir='ltr'>domino</span> <span class='ocrx_word' id='word_1_451' title='bbox 2233 4359 2561 4423; x_wconf 91' lang='lat' dir='ltr'>Albertino</span> <span class='ocrx_word' id='word_1_452' title='bbox 2605 4358 2818 4423; x_wconf 88' lang='lat' dir='ltr'>comiti</span> <span class='ocrx_word' id='word_1_453' title='bbox 2867 4376 2938 4421; x_wconf 93' lang='lat' dir='ltr'>ac</span> <span class='ocrx_word' id='word_1_454' title='bbox 2984 4376 3130 4422; x_wconf 91' lang='lat' dir='ltr'>con-</span> 
     </span>
     <span class='ocr_line' id='line_1_47' title="bbox 414 4442 3133 4529; baseline 0.001 -24"><span class='ocrx_word' id='word_1_455' title='bbox 414 4442 668 4508; x_wconf 88' lang='lat' dir='ltr'>siliariis</span> <span class='ocrx_word' id='word_1_456' title='bbox 716 4445 1008 4526; x_wconf 87' lang='lat' dir='ltr'>predictis</span> <span class='ocrx_word' id='word_1_457' title='bbox 1081 4446 1521 4529; x_wconf 89' lang='lat' dir='ltr'>recipientibus</span> <span class='ocrx_word' id='word_1_458' title='bbox 1567 4464 1677 4528; x_wconf 93' lang='lat' dir='ltr'>pro</span> <span class='ocrx_word' id='word_1_459' title='bbox 1728 4464 1813 4522; x_wconf 91' lang='lat' dir='ltr'>se,</span> <span class='ocrx_word' id='word_1_460' title='bbox 1864 4444 2112 4509; x_wconf 92' lang='lat' dir='ltr'>domino</span> <span class='ocrx_word' id='word_1_461' title='bbox 2159 4447 2308 4508; x_wconf 89' lang='lat' dir='ltr'>duce</span> <span class='ocrx_word' id='word_1_462' title='bbox 2339 4447 2421 4509; x_wconf 74' lang='lat' dir='ltr'>‘et</span> <span class='ocrx_word' id='word_1_463' title='bbox 2466 4446 2780 4510; x_wconf 90' lang='lat' dir='ltr'>communi</span> <span class='ocrx_word' id='word_1_464' title='bbox 2830 4445 3133 4509; x_wconf 86' lang='lat' dir='ltr'>Venecia-</span> 
     </span>
     <span class='ocr_line' id='line_1_48' title="bbox 414 4531 3135 4615; baseline 0 -22"><span class='ocrx_word' id='word_1_465' title='bbox 414 4548 547 4593; x_wconf 92' lang='lat' dir='ltr'>rum</span> <span class='ocrx_word' id='word_1_466' title='bbox 597 4531 695 4596; x_wconf 85' lang='lat' dir='ltr'>vel</span> <span class='ocrx_word' id='word_1_467' title='bbox 740 4531 881 4596; x_wconf 91' lang='lat' dir='ltr'>aliis</span> <span class='ocrx_word' id='word_1_468' title='bbox 929 4534 1205 4615; x_wconf 89' lang='lat' dir='ltr'>personis</span> <span class='ocrx_word' id='word_1_469' title='bbox 1273 4532 1403 4597; x_wconf 91' lang='lat' dir='ltr'>loco</span> <span class='ocrx_word' id='word_1_470' title='bbox 1450 4551 1658 4597; x_wconf 89' lang='lat' dir='ltr'>eorum</span> <span class='ocrx_word' id='word_1_471' title='bbox 1704 4531 2151 4609; x_wconf 74' lang='lat' dir='ltr'>existentibu8‚</span> <span class='ocrx_word' id='word_1_472' title='bbox 2216 4532 2286 4595; x_wconf 92' lang='lat' dir='ltr'>ut</span> <span class='ocrx_word' id='word_1_473' title='bbox 2342 4531 2583 4597; x_wconf 89' lang='lat' dir='ltr'>dictum</span> <span class='ocrx_word' id='word_1_474' title='bbox 2647 4535 2773 4610; x_wconf 91' lang='lat' dir='ltr'>est,</span> <span class='ocrx_word' id='word_1_475' title='bbox 2841 4531 3135 4595; x_wconf 86' lang='lat' dir='ltr'>solvendo</span> 
     </span>
     <span class='ocr_line' id='line_1_49' title="bbox 417 4616 3129 4704; baseline 0 -24"><span class='ocrx_word' id='word_1_476' title='bbox 417 4616 611 4683; x_wconf 86' lang='lat' dir='ltr'>libras</span> <span class='ocrx_word' id='word_1_477' title='bbox 655 4619 1023 4702; x_wconf 87' lang='lat' dir='ltr'>quingentas</span> <span class='ocrx_word' id='word_1_478' title='bbox 1071 4639 1181 4704; x_wconf 93' lang='lat' dir='ltr'>pro</span> <span class='ocrx_word' id='word_1_479' title='bbox 1227 4637 1386 4685; x_wconf 93' lang='lat' dir='ltr'>anno</span> <span class='ocrx_word' id='word_1_480' title='bbox 1428 4621 1500 4684; x_wconf 89' lang='lat' dir='ltr'>ut</span> <span class='ocrx_word' id='word_1_481' title='bbox 1546 4619 1825 4701; x_wconf 89' lang='lat' dir='ltr'>superius</span> <span class='ocrx_word' id='word_1_482' title='bbox 1871 4617 2140 4701; x_wconf 84' lang='lat' dir='ltr'>legitur,</span> <span class='ocrx_word' id='word_1_483' title='bbox 2200 4618 2507 4683; x_wconf 84' lang='lat' dir='ltr'>solventes</span> <span class='ocrx_word' id='word_1_484' title='bbox 2570 4619 2830 4700; x_wconf 89' lang='lat' dir='ltr'>predicti</span> <span class='ocrx_word' id='word_1_485' title='bbox 2881 4618 3129 4682; x_wconf 88' lang='lat' dir='ltr'>fideius-</span> 
     </span>
     <span class='ocr_line' id='line_1_50' title="bbox 412 4703 3127 4789; baseline 0 -22"><span class='ocrx_word' id='word_1_486' title='bbox 412 4720 579 4770; x_wconf 92' lang='lat' dir='ltr'>sores</span> <span class='ocrx_word' id='word_1_487' title='bbox 626 4724 735 4771; x_wconf 89' lang='lat' dir='ltr'>seu</span> <span class='ocrx_word' id='word_1_488' title='bbox 781 4705 1154 4789; x_wconf 90' lang='lat' dir='ltr'>principales</span> <span class='ocrx_word' id='word_1_489' title='bbox 1200 4706 1508 4771; x_wconf 86' lang='lat' dir='ltr'>debitores</span> <span class='ocrx_word' id='word_1_490' title='bbox 1552 4725 1660 4788; x_wconf 90' lang='lat' dir='ltr'>pro</span> <span class='ocrx_word' id='word_1_491' title='bbox 1706 4708 1846 4772; x_wconf 86' lang='lat' dir='ltr'>rata</span> <span class='ocrx_word' id='word_1_492' title='bbox 1886 4704 2226 4770; x_wconf 88' lang='lat' dir='ltr'>secundum</span> <span class='ocrx_word' id='word_1_493' title='bbox 2271 4706 2434 4786; x_wconf 85' lang='lat' dir='ltr'>quod</span> <span class='ocrx_word' id='word_1_494' title='bbox 2471 4704 2560 4769; x_wconf 89' lang='lat' dir='ltr'>eis</span> <span class='ocrx_word' id='word_1_495' title='bbox 2614 4705 2994 4787; x_wconf 86' lang='lat' dir='ltr'>contingerit</span> <span class='ocrx_word' id='word_1_496' title='bbox 3053 4703 3127 4768; x_wconf 88' lang='lat' dir='ltr'>de</span> 
     </span>
    </p>
   </div>
  </div>
 </body>
</html>
