3620 5282
511 302 642 370 282

510 481 639 545 tius
683 482 891 583 vadat,
931 483 996 546 et
1042 466 1381 564 exequatur
1427 482 1791 549 mandatum
1843 486 2122 549 nostrum
2170 482 2538 567 predictum.
2602 481 2742 546 Non
2787 480 3011 545 sinceri
3057 479 3118 558 2,
3163 479 3239 545 de

512 587 628 682 mn
675 570 1368 757 4Αὲἒιοξξιίρῗιιιὲῖιιιιι
1415 659 1754 738 provisores
1782 658 2043 741 predicti
2093 659 2170 722 ad
2200 678 2389 722 unum
2435 658 2513 721 ad
2563 675 2792 721 unum.
2844 675 2941 719 ser
2962 655 3237 720 ‚Iacobus

509 743 821 894 1{elphino
870 745 1128 827 primus,
1178 765 1276 809 ser
1322 745 1665 810 dominicus
1714 747 1985 811 Michael
2025 746 2346 824 secundus,
2395 764 2494 810 ser
2542 743 2844 826 Mapheus
2891 741 3237 808 Contareno

574 849 603 893 r
638 850 730 894 ius

593 921 772 980 Misit·
821 921 1104 981 XXVII.
1153 924 1255 992 39,
1302 941 1344 982 u
1391 925 1608 982 arkivu
1652 924 2011 984 mletaokom.

694 1107 1237 1192 CCCCXXII.
1313 1110 1520 1194 God.
1577 1111 1799 1195 1355.
1853 1114 1953 1194 14
2005 1112 2498 1211 studenoga,
2551 1132 2610 1191 u
2664 1111 3053 1192 Mletcih.

507 1234 732 1295 Nalale
775 1251 838 1294 se
890 1235 1183 1295 Paianom
1200 1281 1218 1315 ,
1266 1238 1346 1295 da
1409 1238 1572 1296 dada
1634 1255 1717 1296 na
1778 1256 1938 1297 svom
1998 1239 2175 1298 otoku
2233 1239 2447 1298 zaklon
2496 1238 2820 1311 Ninjcmom
2864 1239 2889 1295 i
2942 1237 3235 1311 njihovom

1278 1342 1538 1385 marvom
1583 1342 1657 1385 za
1695 1327 2174 1399 ueprijateh'skih
2214 1326 2453 1384 navala.

723 1442 909 1521 1355,
959 1443 1291 1509 indictione
1339 1444 1447 1521 IX,
1497 1446 1595 1509 die
1643 1446 1792 1510 XIV
1841 1445 2208 1510 novembris
2254 1442 2575 1527 Sapientes
2628 1443 2964 1509 Sclavonie.
3002 1444 3231 1526 Capta:

509 1549 651 1595 cum
701 1531 932 1613 pluries
979 1550 1181 1596 comes
1231 1534 1441 1596 noster
1483 1532 1655 1597 None
1703 1552 1809 1615 per
1851 1551 1992 1598 suas
2039 1532 2289 1597 licteras
2335 1531 2651 1614 scripserit
2694 1531 2889 1609 nobis,
2936 1533 3095 1616 quod
3130 1551 3229 1597 co-

508 1637 639 1682 mes
686 1617 842 1701 Pagi
891 1637 1008 1682 non
1057 1619 1193 1683 vult
1241 1622 1555 1703 receptare
1602 1620 1814 1686 fideles
1881 1623 2123 1684 nostros
2189 1619 2264 1683 de
2306 1618 2516 1695 Nona,
2565 1620 2669 1702 qui
2732 1618 3092 1703 quandoque
3160 1639 3229 1684 ex

505 1707 727 1770 timore
774 1706 1170 1787 cureriarum,
1219 1726 1337 1789 que
1381 1707 1541 1773 fiunt
1585 1727 1695 1791 per
1740 1709 2151 1773 castellanum
2184 1706 2523 1773 Ostrovicie
2571 1708 2634 1772 et
2679 1706 2837 1770 alios
2874 1707 3226 1790 Hungaros,

504 1812 568 1859 se
615 1810 753 1857 cum
804 1793 1175 1858 animalibus
1224 1796 1351 1859 suis
1398 1796 1694 1860 reducunt
1760 1795 1840 1859 ad
1886 1796 2153 1860 insulam
2202 1795 2477 1859 nostram
2530 1794 2723 1875 Pagi,
2788 1813 2932 1878 ymo
2977 1813 3080 1859 eos
3127 1815 3230 1860 ex-

504 1878 684 1963 pellit
729 1885 791 1944 et
837 1881 1034 1964 fugat,
1079 1881 1239 1963 quod
1287 1885 1382 1947 est
1426 1881 1572 1965 quid
1618 1883 2024 1947 inhumanum
2073 1885 2136 1946 et
2180 1885 2393 1946 contra
2416 1881 2831 1946 intencionem
2876 1882 3129 1959 domini,
3166 1885 3231 1947 et

504 1969 828 2050 propterea
873 1968 1044 2033 vadit
1081 1988 1246 2051 pars,
1291 1969 1450 2053 quod
1500 1970 1803 2035 scribatur
1850 1970 2015 2034 dicto
2061 1970 2275 2034 comiti
2323 1968 2499 2051 Pagi,
2553 1969 2857 2051 quomodo
2916 1969 3226 2035 intellexi-

504 2074 640 2119 mus
684 2056 757 2118 de
801 2056 1150 2121 huiusmodi
1201 2059 1472 2122 novitate
1519 2061 1583 2122 et
1629 2059 1957 2140 gravitate,
2008 2076 2193 2141 quam
2242 2056 2392 2120 facit
2447 2059 2660 2120 contra
2708 2055 2918 2121 fideles
2985 2060 3230 2123 nostros

504 2141 810 2225 predictos
857 2142 931 2207 de
979 2143 1159 2208 Nona
1196 2163 1261 2209 se
1306 2145 1663 2209 reducentes
1712 2164 1852 2209 cum
1908 2144 2281 2209 animalibus
2329 2143 2458 2208 suis
2504 2144 2583 2207 ad
2627 2143 2899 2208 insulam
2947 2150 3225 2211 nostram

504 2229 845 2312 predictam
892 2230 1093 2314 Paghi
1143 2231 1312 2296 velut
1354 2232 1431 2297 ad
1480 2232 1684 2297 locum
1732 2232 1951 2315 refugii
2021 2250 2129 2313 pro
2192 2231 2602 2296 conservando
2650 2233 2715 2294 et
2776 2233 3115 2314 reparando
3163 2253 3228 2298 se

503 2320 566 2381 et
610 2317 905 2381 animalia
966 2337 1075 2382 sua
1121 2319 1199 2382 ab
1261 2320 1713 2385 incursionibus
1777 2320 2167 2383 inimicorum
2227 2321 2611 2395 nostrorum,
2682 2318 2758 2382 de
2804 2338 2923 2401 qua
2982 2321 3230 2404 quidem

504 2404 778 2469 novitate
824 2406 1307 2470 admiracionem
1357 2410 1420 2471 et
1468 2407 1897 2492 turbacionem
1946 2407 2324 2489 recepimus,
2373 2410 2437 2469 et
2486 2401 2755 2470 maxime
2820 2408 3226 2486 considerate,

348 2556 373 2580 ἥ
505 2490 668 2573 quod
717 2492 876 2555 sicut
922 2493 1081 2557 scire
1133 2496 1332 2575 potest
1378 2494 1539 2557 inter
1582 2495 1737 2558 alios
1777 2494 1989 2558 fideles
2037 2497 2277 2558 nostros
2326 2495 2398 2557 de
2432 2493 2758 2559 Sclavonia
2805 2493 2899 2558 illi
2947 2496 3020 2560 de
3053 2495 3232 2560 Nona

505 2597 731 2663 magna
772 2580 949 2664 sigua
988 2580 1306 2646 fidelitatis
1354 2583 1417 2646 et
1479 2581 1821 2648 devotionis
1886 2600 2129 2665 semper
2191 2599 2340 2665 erga
2400 2583 2681 2646 nostrum
2735 2582 3077 2648 dominium
3125 2584 3232 2649 ho-

505 2666 884 2743 stenderunt,
927 2672 989 2733 et
1028 2673 1354 2751 proptelea
1401 2688 1520 2735 nou
1569 2672 1665 2734 est
1719 2672 2103 2744 convenienS,
2152 2669 2313 2752 quod
2374 2669 2481 2734 ubi
2544 2671 2795 2751 sperant
2859 2672 3084 2735 habere
3130 2674 3232 2736 tu-

511 2757 645 2819 tum
693 2755 999 2838 refugium
1048 2756 1110 2820 in
1159 2758 1665 2822 derobacionibus
1713 2761 1776 2821 et
1817 2758 2388 2840 persecucionibuS,
2439 2774 2589 2839 quas
2653 2775 2691 2820 a
2737 2758 2974 2822 nostris
3018 2758 3233 2824 adver-

513 2843 700 2907 sariis
747 2844 1093 2926 paciuntur,
1143 2845 1261 2926 ipsi
1294 2845 1694 2926 expellantur,
1742 2849 1805 2910 et
1840 2845 1928 2910 eis
1962 2844 2173 2910 taliter
2205 2845 2534 2909 subvencio
2568 2846 2631 2907 et
2662 2844 3006 2909 subsidium
3047 2845 3232 2910 dene-

506 2932 746 3012 gentur.
796 2929 997 3009 Quare
1046 2931 1328 2998 districte
1377 2933 1742 2997 mandamus
1790 2933 1867 3009 ei,
1917 2935 2222 3015 quatenus
2255 2933 2449 2996 dictos
2482 2930 2692 2996 fideles
2740 2935 3000 3010 nostros,
3037 2951 3231 3017 quan·

504 3018 847 3118 documque
894 3036 1036 3083 cum
1079 3020 1356 3101 personis
1399 3026 1463 3085 et
1510 3019 1887 3084 animalibus
1934 3020 2062 3084 suis
2109 3038 2218 3101 pro
2265 3037 2474 3083 eorum
2520 3019 2857 3084 securitate
2904 3021 2981 3085 ad
3028 3022 3231 3103 partes

504 3105 828 3187 regiminis
876 3107 974 3170 sui
1022 3124 1104 3170 se
1131 3108 1418 3171 reducere
1466 3108 1863 3189 contingerit,
1938 3106 2161 3171 debeat
2210 3107 2473 3189 benigne
2521 3108 2582 3169 et
2632 3106 2913 3188 graciose
2960 3107 3229 3189 recipere

505 3195 568 3256 et
610 3193 941 3273 receptare,
990 3195 1055 3258 et
1098 3193 1190 3257 eis
1239 3193 1529 3257 assistere
1577 3195 1823 3259 auxiliis
1872 3198 1931 3258 et
1976 3194 2291 3258 favoribus
2316 3192 2694 3276 opportuniS,
2743 3196 2909 3259 sicut
2955 3213 3059 3276 pro
3092 3214 3233 3260 uec-

505 3278 797 3343 cessitate
846 3297 1057 3344 eorum
1104 3283 1290 3363 atque
1337 3281 1697 3345 animalium
1747 3300 1995 3346 suorum
2047 3281 2371 3363 expediens
2418 3280 2639 3357 fuerit,
2704 3298 2847 3345 cum
2894 3300 3232 3365 congruum

509 3372 574 3431 et
619 3365 931 3431 laudabile
980 3367 1084 3444 sit,
1135 3369 1291 3450 quod
1357 3369 1550 3432 nostri
1603 3369 1817 3434 fideles
1865 3371 1929 3433 et
1975 3368 2207 3434 subditi
2256 3369 2375 3433 sibi
2421 3367 2795 3433 auxilientur
2841 3369 2918 3434 ad
2968 3371 3230 3434 invicem

507 3455 569 3517 in
617 3453 865 3518 casibus
912 3457 975 3518 et
1022 3455 1399 3537 temporibus
1442 3456 1819 3538 opportunis.
1869 3455 2046 3535 Quod
2092 3456 2343 3539 quidem
2391 3456 2480 3520 sic
2536 3454 2941 3522 effectualiter
2988 3459 3234 3522 studeat

503 3543 567 3605 et
612 3542 832 3605 debeat
876 3541 1225 3618 observare,
1273 3542 1430 3625 quod
1480 3544 1655 3608 nobis
1705 3562 1821 3608 nou
1872 3544 2153 3627 expediat
2199 3543 2468 3626 amplius
2535 3543 2656 3607 sibi
2704 3543 2970 3610 scribere
3019 3564 3232 3628 super-

502 3628 668 3694 inde.
719 3627 948 3694 Omnes
996 3630 1070 3693 de
1117 3632 1311 3712 parte.

591 3720 773 3779 Misti
822 3719 1103 3779 XXVII.
1148 3722 1249 3793 42,
1297 3739 1339 3779 ιι
1387 3722 1602 3780 arkivu
1650 3723 2007 3782 mletackom.

689 3906 1279 3990 ccccxxm.
1337 3908 1543 3992 sou.
1581 3877 1818 3993 1355]
1862 3911 1960 3992 19
2008 3909 2505 4009 studenoga,
2558 3932 2620 3991 u
2676 3909 3069 3994 motem.

501 4034 868 4108 Dozvozjava
912 4051 973 4093 se
1020 4034 1361 4094 Zadranom
1406 4036 1430 4093 i
1475 4034 1793 4106 Paianom,
1841 4036 1921 4095 da
1968 4055 2138 4113 moyu
2200 4055 2239 4096 ιι
2284 4036 2512 4097 daciane
2570 4039 2858 4111 spremati
2903 4041 3073 4113 svoju
3130 4040 3234 4111 sol,

1494 4141 1532 4182 a
1575 4127 1631 4183 to
1677 4140 1751 4182 sa
1791 4126 2017 4199 yodimc
2062 4126 2242 4185 dana.

716 4239 904 4305 1355.
952 4241 1283 4307 indictione
1311 4243 1418 4320 IX,
1468 4242 1567 4307 die
1615 4240 1770 4308 XIX
1801 4246 2172 4314 novembris
2218 4248 2439 4328 capta.
2487 4245 2653 4328 quod
2684 4247 3055 4312 concedatur
3085 4247 3235 4313 fide-

501 4328 666 4394 libus
713 4330 942 4394 nostris
991 4331 1078 4392 de·-
1109 4329 1306 4395 Jadra
1351 4333 1415 4394 et
1462 4331 1691 4413 Pagh0,
1721 4332 2123 4397 considerata
2147 4334 2364 4398 stricta
2391 4333 2764 4409 condicione,
2814 4353 2998 4415 quam
3045 4335 3237 4400 habet

501 4414 595 4480 sal
642 4414 717 4480 ad
768 4435 1040 4499 presens,
1091 4417 1249 4499 quod
1298 4419 1495 4501 possit
1543 4419 1885 4501 incanipari
1932 4420 2026 4484 sal
2095 4438 2302 4484 eorum
2369 4421 2432 4485 in
2479 4421 2676 4486 Jadra
2720 4423 2785 4485 et
2830 4422 3035 4505 Pege,
3105 4424 3234 4488 tam

501 4521 609 4587 per
655 4521 758 4568 eos
823 4522 1010 4587 quam
1074 4505 1265 4570 etiam
1330 4523 1438 4587 per
1499 4508 1840 4588 emptorem
1904 4507 2098 4590 ipsius
2146 4507 2316 4572 salis.
2390 4508 2476 4573 Et
2521 4509 2633 4573 hec
2696 4510 3010 4575 concessio
3057 4510 3237 4575 duret

503 4610 695 4673 usque
742 4589 817 4654 ad
865 4610 1056 4655 unum
1105 4611 1335 4657 annum
1374 4594 1641 4658 tantum.

588 4681 768 4740 Missi
823 4681 951 4741 XX
962 4681 1102 4739 VII
1152 4684 1253 4752 42,
1300 4701 1342 4742 u
1386 4684 1726 4745 mletaekom
1773 4685 2005 4743 arkivu.
