3620 5282
3000 375 3124 441 185

395 558 574 620 annis
619 557 682 621 in
723 555 887 621 festo
929 557 1126 623 sancti
1173 557 1469 640 Stephani
1505 560 1742 624 solvere
1785 560 2042 624 ducatos
2088 560 2212 624 VII
2256 559 2447 641 milia,
2497 558 2660 623 sicut
2704 558 2765 621 in
2799 559 3120 640 pactorum

397 645 461 707 et
505 645 671 724 pacis
731 644 931 708 forma
991 645 1339 711 continetur
1400 651 1518 712 etc.
1583 649 1728 712 Ideo
1792 648 2050 729 requirit
2104 650 2168 713 et
2225 648 2399 728 petit,
2447 647 2610 730 quod
2655 646 2831 711 nobis
2877 645 3122 728 placeat

398 731 771 796 solucionem
819 734 1054 815 septem
1102 751 1400 798 annorum
1446 735 1510 798 in
1556 738 1739 800 antea
1787 736 2074 813 fiendam,
2117 754 2234 817 que
2260 753 2506 799 summa
2552 732 2807 817 capiunt
2852 732 3118 815 quadra-

398 818 572 898 ginta
618 837 833 884 novem
886 820 1158 884 millium
1204 821 1568 887 ducatorum
1614 823 1860 886 nomine
1904 822 2257 886 huiusmodi
2304 821 2629 887 solutionis
2682 821 2956 885 debende
3013 839 3121 901 per

396 905 714 971 dominum
761 926 971 990 regem
1018 907 1267 973 domino
1311 910 1538 989 Padue,
1564 909 1627 974 in
1675 909 1981 976 solutione
2023 910 2196 974 nobis
2228 912 2294 974 et
2322 910 2635 975 communi
2669 912 2875 974 nostro
2916 908 3118 971 fienda

402 995 462 1057 in
511 994 793 1058 Veneciis
840 1014 947 1077 per
994 996 1312 1060 dominum
1355 998 1568 1062 Padue
1607 997 1943 1062 difalchare
1968 1016 2075 1079 pro
2102 998 2628 1079 contemptacione
2651 996 2883 1061 domini
2926 994 3116 1078 regis,

396 1079 539 1164 quia
583 1082 713 1163 ipse
759 1081 1043 1147 dominus
1089 1101 1193 1147 rex
1242 1083 1414 1149 nobis
1462 1087 1528 1150 et
1566 1086 1877 1151 communi
1923 1088 2134 1150 nostro
2178 1085 2352 1150 dabit
2382 1086 2456 1149 de
2499 1085 2791 1166 predictis
2837 1087 3121 1165 quietan-

396 1168 523 1232 cias
568 1168 945 1234 sufficientes
985 1173 1104 1235 etc.
1156 1172 1344 1237 Vadit
1389 1192 1552 1255 parS,
1577 1173 1741 1255 quod
1773 1172 2213 1254 respondeatur
2245 1173 2410 1237 dicto
2441 1171 2824 1236 ambaxatori
2871 1172 2935 1234 et
2964 1190 3119 1233 nun-

393 1257 479 1320 tio
498 1255 729 1320 domini
755 1258 940 1340 regiS,
969 1258 1288 1324 intellecta
1312 1262 1640 1325 ambaxata
1665 1279 1775 1324 sua
1801 1260 2076 1341 predicta
2101 1261 2274 1325 nobis
2298 1259 2604 1342 sapienter
2629 1258 2920 1341 exposita,
2962 1257 3119 1338 quod

394 1343 652 1425 spositio
700 1346 915 1409 nostra
961 1351 1056 1410 est
1094 1347 1512 1412 sincerissima
1552 1350 1618 1412 et
1670 1348 1907 1430 optima
1953 1347 2012 1411 in
2074 1347 2513 1430 complacendo
2575 1346 2970 1412 serenissimo
3016 1347 3121 1409 do-

396 1429 632 1495 dimino
688 1434 816 1509 regi
862 1432 1178 1516 Hungarie
1245 1437 1306 1499 in
1368 1436 1652 1501 omnibus
1685 1434 2084 1518 possibilibus
2140 1438 2204 1499 et
2249 1454 2389 1499 cum
2437 1434 2561 1498 leto
2607 1435 2670 1498 et
2718 1436 2868 1498 bono
2915 1432 3117 1531 corde,

396 1519 501 1582 sed
548 1521 850 1600 quantum
891 1521 970 1584 ad
1018 1523 1249 1588 factum
1321 1524 1594 1605 pecunie,
1643 1525 1704 1586 in
1763 1541 1887 1605 qua
1933 1526 2175 1588 tenetur
2223 1523 2399 1586 nobis
2445 1526 2509 1584 et
2554 1523 2759 1585 nostro
2805 1538 3117 1584 communi

397 1606 687 1670 dominus
730 1606 939 1671 Padue
987 1609 1193 1692 vigore
1237 1611 1403 1692 pacis
1451 1630 1637 1693 super
1683 1611 1991 1675 celebrate
2037 1612 2126 1675 sic
2171 1612 2436 1674 dicimus
2461 1610 2525 1672 et
2548 1613 2646 1672 est
2669 1608 2918 1684 veritas,
2957 1609 3118 1688 quod

402 1694 600 1776 prima
641 1712 800 1776 paga
841 1697 1097 1776 pecunie
1145 1701 1455 1763 antedicta
1501 1698 1846 1779 recepimus
1889 1701 1964 1762 ad
2005 1698 2339 1762 terminum
2372 1697 2724 1760 ordinatum
2767 1698 2833 1758 et
2879 1695 2940 1758 in
2972 1713 3120 1793 pace

403 1783 780 1858 contentum,
848 1783 1054 1847 silicet
1113 1786 1186 1849 de
1249 1805 1459 1850 mense
1518 1785 1790 1851 octubris
1854 1786 2155 1868 prossime
2201 1787 2410 1867 elapso
2466 1782 2648 1863 1381,
2696 1801 2813 1865 que
2860 1799 3120 1881 pecunia

394 1868 522 1933 sive
566 1868 771 1950 prima
802 1889 959 1953 paga
999 1871 1117 1936 fuit
1160 1874 1374 1938 statim
1415 1873 1772 1938 distribuita
1819 1876 1885 1937 et
1930 1874 2133 1955 posita
2171 1871 2235 1935 in
2280 1871 2562 1954 expensis
2602 1888 2968 1935 necessarus
3016 1888 3120 1969 pro

393 1955 573 2020 factis
619 1958 867 2032 nostris,
916 1960 1253 2024 secundam
1302 1980 1441 2026 vero
1510 1978 1737 2043 pagam
1805 1960 2073 2025 fiendam
2121 1960 2198 2024 ad
2243 1960 2472 2041 pascha
2518 1960 2593 2023 de
2653 1976 2860 2022 mense
2907 1956 3119 2038 aprilis

395 2042 694 2127 proximo,
755 2045 886 2125 jam
955 2064 1097 2110 cum
1167 2048 1456 2112 maximis
1519 2046 2086 2130 solempnitatibuS,
2156 2047 2469 2112 stricturis
2524 2049 2591 2109 et
2631 2044 3118 2128 obligationibus

399 2131 918 2196 inrevocabilibus
964 2134 1397 2216 deputavimus
1445 2136 1663 2200 multis
1723 2135 1946 2218 quibus
2007 2138 2309 2212 tenemur,
2357 2135 2462 2216 qui
2511 2134 2953 2231 mutuaverunt
3012 2131 3120 2194 de-

395 2220 597 2282 narios
640 2221 848 2283 nostro
895 2222 1205 2286 communi
1252 2223 1314 2286 in
1361 2242 1585 2306 guerra
1626 2224 1902 2304 proxime
1951 2222 2267 2304 preterita,
2311 2241 2424 2286 nec
2484 2239 2805 2303 possemus
2847 2238 2937 2283 eis
2985 2219 3120 2317 dei*-

393 2305 574 2370 ficere
629 2306 705 2370 de
752 2307 1075 2389 promissis
1123 2310 1243 2374 nisi
1288 2331 1430 2376 cum
1480 2311 1806 2376 manifesto
1867 2310 2201 2393 preiudicio
2247 2311 2314 2374 et
2356 2327 2540 2373 onore
2589 2306 2784 2372 nostri
2834 2306 3113 2382 dominir,

398 2396 560 2473 quod
606 2412 821 2458 sumus
856 2396 1210 2476 certissimi,
1257 2399 1417 2480 quod
1464 2398 1748 2463 dominus
1793 2417 1897 2461 rex
1944 2398 2137 2463 nollet
2182 2397 2309 2461 ullo
2359 2398 2556 2460 modo.
2606 2396 2697 2459 De
2731 2395 2925 2459 tercia
2973 2411 3114 2493 vero

397 2498 558 2563 paga
600 2482 774 2546 nobis
821 2483 1020 2547 fienda
1065 2505 1174 2566 per
1219 2486 1537 2550 dominum
1591 2486 1798 2550 Padus
1845 2504 1883 2549 a
1931 2486 2157 2567 pascha
2200 2485 2277 2548 de
2324 2504 2532 2548 mense
2577 2482 2796 2565 aprilis
2838 2499 3117 2564 proximo

395 2586 583 2649 usque
629 2587 820 2632 unum
867 2589 1094 2636 annum
1160 2574 1506 2656 proximum
1569 2593 1782 2638 sumus
1844 2572 2115 2639 contenti
2177 2572 2296 2654 ipsi
2357 2571 2605 2636 domino
2652 2568 2784 2653 regi
2830 2568 3119 2633 alacriter

394 2656 771 2738 complacere
841 2660 1179 2725 secundum
1242 2662 1707 2744 requisitionem
1768 2681 1879 2726 sue
1949 2660 2113 2744 regie
2159 2660 2528 2734 maiestatiS,
2579 2661 2743 2723 sicut
2789 2658 2850 2721 in
2898 2657 3118 2757 cedula

391 2744 717 2809 ambaxate
780 2747 1149 2825 continetur,
1197 2769 1312 2830 que
1361 2751 1554 2814 tercia
1579 2752 1644 2814 et
1669 2750 1891 2814 ultima
1934 2767 2092 2831 paga
2135 2751 2234 2811 est
2278 2748 2641 2813 ducatorum
2688 2745 2870 2810 XVII
2916 2745 3119 2809 nullia

395 2830 494 2895 vel
539 2833 721 2897 circa.
772 2833 865 2897 De
912 2838 1091 2917 parte
1139 2834 1243 2914 87,
1290 2838 1364 2901 de
1413 2856 1529 2901 non
1580 2838 1681 2915 15,
1725 2854 1847 2901 non
1894 2835 2116 2900 sinceri
2164 2835 2225 2898 4.

475 2939 655 2999 Misti
704 2939 1041 3001 XXXVII
1082 2944 1183 3013 51,
1223 2962 1266 3003 u
1312 2946 1466 3005 mlet.
1515 2948 1748 3006 arkivu.

739 3128 1087 3214 CCLVI.
1143 3133 1352 3216 God.
1406 3134 1628 3217 1382.
1681 3134 1775 3216 21
1831 3134 2175 3235 ozmka,
2227 3156 2287 3215 u
2340 3133 2744 3215 Budimu.

605 3267 760 3332 Cum
808 3270 1167 3352 capitaneus
1236 3274 1514 3340 Thenedi
1584 3277 1844 3341 minime
1911 3276 2221 3341 curaverit
2287 3275 2601 3358 assignare
2658 3276 2862 3358 ipsum
2911 3276 3113 3340 locum

391 3357 572 3437 juxta
618 3355 881 3420 formam
930 3360 1100 3441 pacis
1129 3362 1541 3441 Taurinensis,
1599 3365 1744 3440 „sed
1801 3365 1996 3429 ductu
2059 3381 2323 3445 nequam
2371 3364 2614 3445 spiritu,
2665 3363 2865 3444 ipsum
2914 3363 3113 3427 locum

394 3444 672 3509 Thenedi
720 3445 932 3509 contra
972 3449 1287 3529 proprium
1352 3451 1770 3516 iuramentum
1820 3454 1885 3517 et
1929 3451 2249 3516 fidelitatis
2320 3450 2632 3515 vinculum
2681 3452 2852 3515 vobis
2922 3450 3118 3533 (scili-

394 3535 493 3595 cet
539 3533 757 3596 venete
804 3532 1165 3614 reipublice)
1231 3537 1510 3602 debitum
1562 3538 1625 3603 in
1673 3559 1856 3604 suum
1927 3540 2267 3604 dominium
2328 3539 2715 3621 usurpavit“,
2764 3537 3114 3603 Ludovicus

391 3620 745 3702 Hungariae
770 3639 873 3683 rex
911 3622 1127 3686 scribit
1156 3624 1527 3704 republicae,
1553 3647 1684 3691 esse
1707 3629 1966 3703 certum,
1992 3628 2106 3692 hoc
2131 3628 2204 3692 de
2228 3645 2337 3691 suo
2361 3628 2565 3690 animo
2592 3644 2711 3691 non
2741 3626 3117 3708 procesisse;

387 3707 634 3771 atamen
681 3707 1022 3790 subjungit,
1070 3710 1228 3790 quod
1277 3712 1439 3776 cedit
1483 3715 1559 3778 ad
1607 3715 1895 3779 honorem
1945 3713 2139 3795 ipsius
2191 3714 2433 3791 „omnia
2484 3733 2572 3793 ea,
2621 3733 2739 3797 que
2798 3713 2855 3777 in
2918 3714 3115 3796 pactis

387 3794 632 3858 firmata
676 3795 1001 3871 habentur,
1049 3796 1194 3861 duci
1240 3798 1514 3863 debitum
1554 3803 1632 3866 ad
1677 3802 2034 3866 effectum“.

480 3899 1053 3963 Commemorialium
1113 3902 1200 3965 Vl
1205 3902 1252 3964 I.
1295 3910 1396 3979 54,
1443 3926 1484 3967 u
1534 3910 1690 3971 mzet.
1740 3911 1975 3971 arkivu.

745 4071 1129 4158 CCLVII.
1189 4078 1390 4160 God.
1450 4079 1666 4162 1382.
1723 4084 1768 4163 1
1822 4084 2195 4185 travnja,
2249 4107 2308 4165 u
2363 4084 2765 4166 Budimu.

389 4217 673 4290 Ljudemfc
733 4222 1063 4294 uyar.·hrv.
1127 4224 1290 4296 krab'
1337 4226 1701 4299 potvrdquje,
1765 4227 1847 4284 da
1890 4244 1965 4285 su
2010 4227 2308 4287 Mlctdani
2350 4228 2450 4287 υθέ
2490 4227 2749 4300 inplatili
2793 4228 2997 4286 danak
3038 4245 3115 4287 aa

388 4307 469 4363 tri
508 4307 723 4380 yodine
767 4309 965 4368 naimo
1014 4312 1277 4380 1382-4‚
1322 4313 1423 4385 koj
1465 4330 1540 4371 su
1600 4332 1701 4371 mu
1760 4314 1943 4373 duim
1989 4315 2196 4373 ‹ia-vati
2238 4317 2417 4374 svake
2457 4316 2670 4390 yodine
2717 4332 2802 4387 po
2854 4332 3116 4390 uqovoru

384 4394 734 4469 tutinskoya
791 4397 967 4466 mira,
1013 4399 1037 4455 i
1076 4398 1156 4457 da
1200 4416 1276 4459 su
1335 4401 1426 4472 tay·
1464 4418 1650 4460 novae
1695 4419 1738 4460 u
1785 4403 1900 4461 ime
1956 4403 2220 4475 kraljevo
2285 4404 2413 4462 daei
2451 4404 2789 4477 yospodaru
2833 4404 3114 4462 Padvan·

1627 4490 1855 4549 skomu.

594 4583 720 4650 Nos
767 4586 1109 4651 Lodovicus
1156 4590 1251 4653 dei
1300 4591 1504 4672 gratia
1536 4592 1879 4673 Hungarie,
1918 4593 2214 4660 Pollonie.
2253 4593 2587 4662 Dalmatis.
2626 4594 2842 4670 Rame,
2877 4593 3114 4670 Servis,

380 4671 666 4749 Gallicis,
716 4674 1094 4753 Lodomerie,
1144 4677 1524 4754 Commanie,
1574 4680 1989 4763 Bulgarieque
2035 4700 2160 4757 rex,
2205 4680 2490 4763 princeps
2554 4680 3003 4747 Salermitanus
3049 4685 3115 4746 et

378 4759 646 4825 Honoris
693 4778 763 4825 ac
809 4760 1042 4826 Montis
1089 4765 1285 4829 sancti
1333 4764 1559 4849 Angeli
1606 4767 1912 4843 dominus,
1963 4766 2197 4833 Notum
2224 4766 2491 4833 facimus
2516 4767 2820 4833 universis
2866 4788 3113 4851 presen-
