3620 5282
531 356 663 422 380

532 534 771 598 decimo
822 533 1090 615 proxime
1139 535 1277 616 post
1323 552 1455 597 sese
1502 532 1751 598 afuturo
1799 534 1861 598 in
1919 533 2056 599 loco
2122 533 2306 598 solito
2368 552 2573 599 coram
2649 533 2968 616 pristaldis
3015 531 3246 598 iuratis

532 624 692 686 sedis
741 623 1109 705 presentate,
1163 622 1374 703 prefati
1426 621 1714 685 Guranus
1765 642 2074 705 suppanus
2122 629 2183 687 et
2230 624 2433 687 Butko
2477 622 2677 699 iudex,
2713 623 2889 686 Lilak
2925 622 3090 686 filius
3133 622 3243 686 Di-

530 730 639 774 use
687 710 760 774 de
808 711 1039 786 Zlivn0‚
1093 713 1241 773 item
1291 711 1539 774 Mikach
1583 710 1748 773 filius
1795 711 2031 775 Aliveri
2079 711 2153 775 de
2190 712 2386 794 Plaag
2417 714 2481 775 et
2517 710 2831 776 Johannes
2866 710 3029 775 filius
3078 708 3242 774 Nas-

532 799 695 863 mani
744 799 818 862 de
867 797 1105 873 Carine,
1154 801 1229 862 ab
1278 799 1582 873 omuibus
1628 798 1848 882 quibus
1899 799 2203 863 incumbit
2245 801 2414 882 prius
2461 799 2686 864 rescita
2734 817 2907 863 mera
2953 798 3238 874 veritate,

531 889 737 949 utrum
801 887 935 968 ipsa
986 887 1280 950 medietas
1346 887 1629 949 totalium
1690 891 1999 951 terrarum
2066 892 2130 952 et
2176 888 2573 970 possessionis
2635 888 2798 952 dicte
2846 887 3002 951 linee
3052 905 3235 969 gene-

531 974 859 1038 racionalis
906 993 1010 1038 seu
1058 974 1221 1038 funis
1265 975 1679 1058 Voyslavichii
1732 982 1940 1039 vocate
2010 975 2318 1058 pertineat
2380 976 2510 1040 iure
2556 976 2927 1040 hereditario
2973 977 3040 1039 et
3084 976 3234 1037 atti-

531 1082 671 1126 nere
720 1062 939 1126 debeat
983 1064 1096 1144 ipsi
1146 1063 1412 1127 Ratkoni
1469 1065 1561 1126 vel
1610 1083 1702 1138 ne,
1750 1064 1828 1127 ad
1891 1063 2073 1128 fidem
2139 1083 2351 1128 eorum
2410 1066 2522 1129 deo
2587 1065 2857 1128 debitam
2926 1069 2988 1127 et
3036 1062 3234 1127 fideli-

528 1147 722 1214 tatem
770 1170 942 1216 sacre
992 1151 1157 1232 regie
1205 1151 1562 1233 dijademati
1612 1152 2072 1226 observandam,
2123 1157 2291 1216 tacto
2323 1153 2561 1218 vivifice
2595 1153 2766 1235 ligno
2804 1153 3019 1228 cruciS,
3055 1150 3236 1233 quid-

531 1239 674 1321 quid
722 1239 980 1302 fecerint
1025 1239 1121 1302 vel
1168 1240 1580 1303 ordinaverint
1628 1239 1789 1304 sacto
1834 1242 1894 1304 in
1924 1241 2241 1321 premisso,
2277 1242 2455 1304 ambe
2494 1244 2700 1323 partes
2737 1243 2849 1305 sub
2880 1240 3045 1303 dicta
3079 1257 3234 1320 pena

530 1330 775 1390 centum
828 1345 1171 1391 marcarum
1223 1327 1284 1391 in
1329 1329 1476 1408 ipsis
1525 1328 1754 1391 litteris
1802 1329 2189 1409 capitulariis
2236 1335 2527 1393 contenta
2565 1330 2630 1393 et
2672 1347 2978 1411 expressa,
3017 1345 3232 1408 accep-

528 1417 660 1478 tare
707 1419 768 1480 et
816 1414 1100 1479 tollerare
1150 1416 1439 1480 deberent
1484 1423 1545 1477 et
1595 1419 1967 1492 tenerentur,
2043 1435 2300 1498 quarum
2367 1419 2638 1497 partium
2714 1420 2765 1481 si
2813 1435 2932 1499 qua
2978 1433 3232 1497 compo-

531 1503 748 1566 sicioni
799 1524 903 1569 seu
953 1503 1319 1568 ordinationi
1368 1506 1807 1586 premissorum
1859 1504 2298 1568 contradixerit
2339 1524 2448 1569 sen
2495 1505 2784 1569 tollerare
2818 1505 3082 1568 voluerit
3128 1503 3231 1567 vel

529 1609 651 1656 non
698 1592 1020 1669 curaverit,
1069 1596 1291 1655 extunc
1337 1592 1481 1655 talis
1531 1611 1666 1673 pars
1713 1593 2162 1657 contrafaciens
2212 1593 2343 1674 ipso
2369 1593 2548 1672 facto,
2594 1593 2656 1656 in
2705 1594 2870 1657 dicta
2900 1611 3052 1674 pena
3087 1611 3232 1656 cen-

529 1684 659 1744 tum
709 1699 1056 1744 marcarum
1122 1680 1398 1744 incurere
1463 1680 1682 1745 debeat
1728 1685 1790 1744 et
1838 1685 2122 1744 teneatur
2167 1683 2329 1763 parti
2374 1682 2629 1746 adverse
2676 1682 3015 1745 secundnm
3062 1697 3231 1743 com-

527 1768 893 1850 positionem
944 1773 1006 1832 et
1052 1769 1497 1831 ordinationem
1549 1769 1838 1832 toleranti
1886 1770 2297 1851 aplicandam.
2348 1788 2466 1852 quo
2510 1770 2771 1834 termino
2818 1769 3013 1851 ipsius
3061 1768 3233 1831 iura-

526 1858 820 1921 mentalis
868 1857 1263 1939 depositionis
1297 1876 1401 1919 seu
1453 1857 1916 1939 compositionis
1960 1860 2024 1920 et
2070 1859 2476 1921 ordinacionis
2523 1859 2884 1922 adveniente
2920 1858 3041 1919 iam
3078 1855 3230 1919 dicti

524 1945 810 2009 Guranus
858 1964 1170 2025 suppanus
1219 1947 1282 2008 et
1331 1945 1531 2008 Butko
1581 1946 1775 2024 index,
1827 1947 1976 2008 item
2026 1946 2202 2009 Lilak
2253 1946 2416 2010 filius
2468 1946 2709 2025 Diusse‚
2762 1945 3010 2008 Mikach
3059 1944 3230 2008 filius

525 2033 758 2096 Aliveri
807 2038 868 2096 et
919 2033 1233 2097 Johannes
1283 2033 1451 2097 filius
1500 2034 1799 2098 Nasmani
1847 2035 2218 2098 abeuntibus
2266 2036 2489 2116 quibus
2538 2035 2869 2098 interesset
2916 2032 3232 2095 nobilibus

524 2125 588 2183 et
633 2121 771 2184 aliis
818 2121 1086 2186 cuiusvis
1121 2125 1322 2185 status
1367 2128 1429 2184 et
1461 2123 1953 2203 prebeminencie
1987 2123 2336 2186 hominibus
2371 2123 2484 2185 sub
2522 2124 2866 2186 iuramento
2903 2121 3231 2185 veritatem

523 2208 671 2272 facti
719 2211 1015 2287 prenotati
1065 2209 1404 2291 indaganda
1451 2210 1524 2272 ad
1578 2209 1759 2274 fidem
1813 2230 2022 2274 eorum
2074 2213 2183 2273 deo
2231 2212 2501 2274 debitam
2547 2214 2611 2274 et
2638 2209 3000 2273 fidelitatem
3049 2226 3227 2273 sacro

523 2298 689 2379 regio
715 2298 1069 2379 dijademati
1098 2297 1553 2372 observandam,
1590 2303 1750 2362 tacto
1777 2298 2015 2362 vivifice
2040 2301 2236 2362 crucis
2267 2298 2450 2381 ligno,
2477 2298 2793 2376 dixissent,
2819 2297 2977 2380 quod
3004 2299 3140 2362 tota
3172 2300 3233 2359 et

527 2385 767 2467 integra
796 2385 1090 2448 medietas
1119 2391 1422 2450 terrarum
1450 2407 1557 2450 seu
1590 2388 1954 2468 possesionis
1996 2388 2151 2449 linve
2183 2387 2667 2469 generacioualis
2710 2406 2816 2450 seu
2860 2385 3023 2449 funis
3075 2386 3232 2467 Voy-

530 2473 814 2538 slavichii
843 2481 1071 2550 vocate,
1108 2477 1182 2537 ab
1218 2475 1471 2555 antiquo
1498 2493 1609 2538 sua
1636 2481 1699 2538 et
1724 2494 1972 2538 suorum
2004 2474 2493 2557 predecessorum
2523 2481 2687 2539 esset
2727 2473 2972 2538 scilicet
2997 2473 3227 2537 Ratko·

527 2561 621 2624 nis
651 2561 760 2624 filii
795 2562 1034 2626 Utiseni
1065 2563 1493 2645 prenominati,
1522 2565 1759 2647 sibique
1787 2573 1846 2625 et
1873 2563 2000 2625 suis
2030 2564 2160 2626 iure
2187 2563 2553 2627 hereditario
2583 2563 2848 2645 pertinet
2871 2565 2936 2625 et
2963 2563 3222 2625 attinere

522 2650 791 2728 deberet,
820 2656 879 2713 et
905 2651 1152 2715 demum
1185 2654 1356 2715 nobis
1390 2655 1657 2733 proximo
1684 2652 1905 2716 indicio
1931 2653 2091 2716 circa
2116 2653 2342 2716 festum
2370 2654 2569 2716 sancti
2600 2652 3019 2715 Bartholomei
3049 2655 3223 2731 apos·-

524 2738 633 2802 toli
667 2738 730 2801 in
778 2739 943 2801 dicta
983 2741 1121 2802 sede
1155 2740 1472 2805 iudiciaria
1511 2761 1649 2804 curn
1695 2741 1835 2804 aliis
1883 2742 2185 2803 nobilibus
2224 2740 2298 2803 de
2334 2738 2499 2804 dicta
2534 2741 2774 2821 Lapach
2809 2758 2916 2821 pro
2948 2737 3231 2803 faciendo

520 2826 940 2890 causamtibus
998 2828 1217 2892 iudicia
1282 2831 1748 2893 consedentibus
1806 2828 2110 2910 prenotati
2176 2828 2394 2891 Pribco
2452 2828 2614 2891 filius
2662 2829 2928 2909 Georgii,
2991 2826 3225 2890 Cwitan

524 2913 948 2987 Wrancovich
999 2916 1297 2997 Georgius
1343 2917 1508 2982 filius
1556 2917 2099 2997 Hlapotbe‚1wan
2148 2922 2209 2979 et
2257 2916 2491 2981 Cwitko
2539 2916 2649 2980 filii
2714 2915 2970 2999 Voynoj,
3021 2912 3227 2995 Filiph

521 3001 685 3065 filius
733 3004 969 3084 Grupse
1017 3009 1079 3067 et
1127 3006 1290 3069 lwko
1338 3005 1499 3069 fiius
1549 3006 1769 3068 Mazali
1818 3004 1893 3068 de
1940 3005 1993 3066 di
2003 3018 2103 3068 cta
2164 3002 2528 3084 Consthijan
2584 2988 2676 3068 de
2723 3004 2970 3083 Lapach
3023 3019 3231 3080 perso-

522 3090 744 3153 naliter
790 3110 993 3155 coram
1046 3094 1219 3157 nobis
1265 3094 1624 3157 adherentes
1673 3098 1886 3173 sponte
1936 3094 2286 3156 retulerunt
2333 3110 2543 3156 eorum
2596 3094 2730 3155 vive
2803 3092 2967 3156 vocis
2999 3090 3228 3153 dictam

521 3178 917 3242 medietatem
964 3181 1123 3245 linee
1171 3182 1654 3263 generacionalis
1700 3201 1806 3244 seu
1854 3180 2013 3244 lunis
2054 3180 2465 3263 Voyslavichii
2502 3180 2663 3243 dicte
2699 3179 2978 3242 scilicet
2964 3198 3024 3241 ιιι
3055 3178 3232 3239 dicta

521 3265 670 3329 villa
722 3266 1085 3349 Couschijan
1135 3235 1343 3334 habite
1391 3274 1451 3332 et
1498 3270 1818 3332 existentis
1868 3289 1939 3333 ex
1988 3270 2226 3351 integro
2274 3270 2435 3332 dicto
2483 3269 2749 3332 Ratkoni
2800 3266 2926 3329 filio
2978 3264 3223 3330 Utiseni

522 3354 649 3417 iure
697 3355 1066 3420 hereditario
1123 3358 1440 3438 pertinere,
1492 3359 1611 3422 irno
1657 3377 1861 3422 coram
1912 3358 2084 3420 vobis
2131 3363 2193 3419 et
2240 3356 2569 3439 prestaldis
2616 3355 3033 3436 infrascriptis
3079 3371 3234 3416 ean-

518 3440 658 3505 dem
711 3444 1101 3508 medietatem
1136 3450 1437 3511 terrarum
1476 3449 1538 3510 et
1570 3446 1969 3528 possessionis
2012 3444 2168 3508 linee
2216 3444 2700 3527 generacionalis
2749 3462 2852 3507 sen
2899 3442 3063 3505 funis
3098 3458 3233 3520 pre·

523 3530 683 3593 facte
724 3530 886 3595 dicto
934 3533 1197 3598 Ratkoui
1248 3539 1309 3599 et
1354 3537 1482 3599 suis
1531 3535 1859 3599 heredibus
1906 3537 1969 3596 et
2015 3535 2475 3598 successoribus
2531 3553 2673 3597 cum
2723 3530 3007 3595 omnibus
3054 3528 3237 3592 utili-

522 3619 755 3682 tatibus
797 3622 860 3684 et
905 3624 979 3684 ad
1026 3623 1303 3686 eamdem
1357 3623 1750 3703 partinenciis
1798 3624 2204 3686 restituerunt
2272 3626 2334 3686 et
2393 3622 2690 3684 cederunt
2767 3624 3055 3698 tanquam
3130 3615 3237 3679 ius

521 3725 701 3770 snum
748 3709 1057 3791 proprium
1107 3712 1233 3791 pari
1284 3729 1577 3775 consensu
1627 3711 1792 3774 nullo
1842 3729 2047 3774 eorum
2098 3711 2503 3788 discrepante,
2575 3707 3004 3790 promittentes
3051 3706 3117 3766 et
3164 3726 3238 3767 se

521 3795 867 3877 obligantes
916 3800 1198 3877 deinceps
1248 3801 1671 3879 inperpetuum
1721 3817 1878 3881 pena
1922 3800 2034 3862 sub
2080 3799 2377 3880 premissa
2427 3801 2681 3861 centum
2729 3812 3091 3866 marcarum,
3141 3793 3240 3874 ip-

520 3903 655 3946 sum
707 3884 1045 3949 Ratkoneni
1114 3900 1177 3949 et
1248 3906 1389 3951 suos
1460 3886 1709 3949 heredes
1757 3891 1821 3948 et
1887 3904 2267 3950 successores
2311 3887 2371 3949 in
2413 3887 2585 3949 dicta
2645 3884 2972 3949 medietate
3018 3899 3241 3944 manu-

521 3975 729 4036 tenere
776 3979 839 4037 et
884 3980 1091 4037 conti-1
1144 3995 1258 4038 non
1310 3976 1512 4037 venire
1562 3995 1668 4057 per
1714 3994 1778 4037 se
1831 3974 1922 4036 vel
1971 3974 2162 4036 ilium
2211 3975 2417 4056 aliqua
2453 3974 2721 4046 racione,
2772 3988 2958 4035 causa
3010 3969 3154 4032 vel
3141 3988 3237 4031 rn-

520 4062 719 4142 ginio,
766 4063 837 4126 de
917 4064 1044 4125 iure
1125 4063 1212 4127 iel
1294 4066 1364 4127 de
1414 4062 1596 4140 facto,
1648 4063 1767 4125 imo
1814 4064 1890 4126 ab
1938 4061 2224 4126 omnibus
2271 4063 2588 4126 occasione
2651 4060 2836 4142 ipsius
2884 4055 3243 4120 medietatis

518 4148 680 4211 dicte
754 4150 911 4214 liuee
981 4152 1461 4232 generacion·1lis
1537 4171 1641 4214 seu
1716 4151 1876 4213 funis
1945 4149 2354 4233 Voyslavichii
2400 4151 2565 4215 dicte
2621 4150 2682 4213 in
2730 4147 3026 4228 premissa
3079 4144 3241 4209 villa.

520 4236 885 4319 Conschijan
934 4239 1142 4303 habite
1189 4244 1253 4302 et
1299 4240 1616 4303 existentis
1660 4239 1895 4301 dictum
1948 4239 2289 4302 Ratkonem
2351 4235 2663 4320 impedire
2724 4234 3069 4300 volentibus
3140 4233 3244 4297 vel

526 4343 667 4388 suos
718 4324 968 4391 heredes
1016 4332 1078 4390 et
1124 4346 1505 4391 successores
1557 4332 1618 4390 et
1665 4326 1780 4407 ipsi
1832 4334 1892 4388 et
1939 4345 2143 4389 eorum
2218 4323 2474 4390 heredes
2548 4328 2618 4387 et
2667 4342 3048 4388 successores
3100 4340 3242 4403 pro·

520 4412 668 4493 priis
719 4414 1050 4492 laboribuS,
1103 4417 1451 4494 sumptibus
1499 4419 1559 4478 et
1607 4420 1886 4497 expensis
1936 4413 2263 4479 defendere
2306 4417 2367 4477 et
2444 4410 2944 4492 excalumpniare
3011 4411 3070 4472 in
3122 4411 3239 4473 lite

522 4501 615 4563 vel
663 4506 853 4565 extra.
904 4504 1156 4583 Insuper
1202 4504 1612 4584 promiserunt
1659 4508 1722 4567 et
1766 4522 1830 4564 se
1878 4503 2303 4585 obligaverunt
2324 4519 2466 4582 sepe
2502 4500 2656 4563 dicti
2702 4498 2940 4576 Prich,
2975 4497 3243 4573 Cwitan,

521 4586 843 4671 Georgius,
895 4592 1055 4655 Iwan
1106 4593 1167 4655 et
1212 4593 1368 4654 aiter
1416 4590 1669 4667 Cwitko,
1745 4591 1948 4673 Filiph
2017 4594 2081 4653 et
2149 4592 2327 4665 Iwko,
2398 4587 2914 4670 quandocumque
2980 4587 3250 4650 voluerit

521 4674 680 4737 idem
733 4677 931 4741 Ratko
981 4679 1145 4743 filius
1196 4679 1454 4754 Utiseni,
1501 4698 1742 4759 semper
1789 4678 2188 4779 personaliter
2253 4676 2542 4743 accedere
2617 4677 2882 4740 debeant
2948 4678 3013 4737 et
3076 4680 3252 4737 tene-

520 4765 701 4831 antur
743 4767 816 4830 ad
864 4766 1267 4848 capithulum‚
1316 4769 1390 4832 ad
1439 4787 1622 4850 quem
1672 4768 1981 4833 voluerint
2023 4767 2084 4829 in
2134 4768 2247 4831 hoc
2287 4784 2481 4855 regno
2528 4763 2696 4828 idem
2743 4761 2966 4840 Betim,
3015 4765 3080 4826 et
3127 4763 3250 4827 sibi
