3620 5282
2982 321 3108 388 311

390 496 653 572 clericis,
704 494 1097 561 monasteriis
1144 498 1206 560 et
1253 494 1551 572 ecclesiiS,
1599 496 1727 559 sint
1770 494 1970 561 libere
2031 501 2094 561 et
2154 495 2409 561 francho
2464 498 2543 563 ab
2589 495 2876 563 omnibns
2926 496 3112 562 datiis

321 601 327 606 ·
392 587 456 651 et
501 585 788 668 gabeins,
836 603 955 649 non
1001 584 1403 666 intelligendo
1452 585 1512 647 in
1561 583 1677 647 bac
1722 585 2111 649 concessione
2156 584 2430 649 redditus
2479 588 2544 650 et
2589 586 2919 668 proventus
2983 602 3116 649 mo-

390 674 820 746 nasteriorum,
867 672 1268 736 ecclesiarum
1312 676 1374 736 et
1418 672 1720 734 dictorum
1767 670 2033 737 fratrum
2082 673 2144 735 et
2166 672 2533 737 clericorum
2571 691 2643 738 ac
2677 674 2865 737 etiam
2900 670 3117 751 salem,

388 779 568 844 quem
617 760 826 842 aliquo
874 760 1052 825 modo
1099 761 1487 842 perciperent
1531 760 1660 822 tam
1710 760 1782 824 de
1831 761 2188 824 elemosinis
2252 778 2439 843 quam
2486 778 2595 843 pro
2659 761 2904 825 redditu
2951 760 3118 843 ipso-

388 867 527 912 rum
575 847 1090 913 monasteriorum
1141 850 1215 912 et
1252 847 1652 911 ecclesiarum
1685 864 1763 909 ac
1801 847 2075 929 ipsorum
2125 850 2272 912 met.

598 934 793 1018 Super
837 938 1056 1018 quarto
1096 935 1390 1018 capitulo,
1438 955 1543 1017 per
1610 933 1769 1015 quod
1845 937 2085 1017 petunt,
2148 935 2306 1018 quod
2378 935 2680 1018 magister
2748 934 2986 999 iuratus
3034 934 3119 998 sit

391 1026 544 1089 civis
594 1023 908 1098 Durachii,
953 1026 1018 1088 et
1064 1025 1285 1088 debeat
1330 1023 1475 1106 eligi
1527 1041 1633 1104 per
1678 1020 1845 1085 cives
1892 1020 2196 1087 Durachii
2242 1024 2314 1086 de
2347 1023 2603 1088 scientia
2644 1022 2952 1104 capitanei
2985 1021 3117 1087 sive

389 1112 584 1177 baiuli
630 1113 963 1176 secundnm
1009 1112 1326 1194 antiquam
1375 1127 1586 1174 eorum
1635 1110 2180 1185 consuetudinem3
2227 1111 2395 1176 vadit
2438 1128 2597 1192 pars,
2647 1110 2803 1193 quod
2849 1110 2961 1173 hec
3007 1128 3114 1192 pe-
3209 1130 3238 1162 ν

392 1199 539 1263 ticio
583 1198 954 1263 reformetur
1000 1198 1060 1262 in
1110 1199 1273 1262 hunc
1321 1197 1593 1273 modum,
1646 1195 1949 1273 videlicet,
1991 1198 2148 1281 quod
2194 1197 2547 1262 Anthonius
2591 1197 2665 1260 de
2701 1195 3109 1278 Petropizolis

390 1289 476 1351 sit
522 1289 823 1369 magister
869 1288 1109 1351 iuratus
1150 1285 1490 1350 secundum
1539 1285 1806 1369 gratiam
1856 1286 1975 1349 sibi
2020 1285 2400 1368 factamfflper
2444 1285 2921 1349 dominationem
2975 1303 3118 1348 nos-

394 1377 576 1439 tram.
626 1377 690 1438 et
734 1375 895 1439 alter
942 1375 1241 1456 magister
1293 1373 1531 1437 iuratus
1609 1373 1754 1455 eligi
1827 1371 2049 1435 debeat
2118 1391 2225 1455 per
2293 1372 2654 1449 Duracinos,
2725 1371 3112 1450 declarand0,

264 1509 283 1530 .
391 1464 553 1545 qnod
604 1462 729 1537 ille,
774 1463 879 1544 qui
925 1461 1114 1525 fuerit
1160 1461 1415 1535 electus,
1466 1462 1549 1525 sit
1593 1462 1747 1524 civis
1798 1459 2115 1538 Durachii,
2180 1461 2284 1543 qui
2332 1461 2580 1543 placeat
2626 1461 2869 1538 rectori,
2920 1463 2985 1525 et
3029 1460 3116 1525 sit

388 1549 792 1614 confirmatus
840 1567 948 1632 per
994 1548 1229 1613 dictum
1281 1553 1604 1624 rectorem,
1675 1550 1740 1612 et
1787 1566 1904 1611 non
1954 1548 2150 1629 possit
2209 1553 2374 1612 stare
2422 1548 2482 1611 in
2531 1548 2695 1611 dicto
2742 1547 2944 1612 officio
2992 1548 3115 1612 nisi

391 1656 501 1720 per
546 1655 737 1701 unum
788 1655 1036 1714 annum,
1086 1637 1150 1700 et
1194 1635 1356 1718 qnod
1404 1636 1531 1712 ille,
1582 1635 1685 1718 qui
1731 1633 1921 1700 fuerit
1967 1654 2085 1700 uno
2144 1655 2320 1711 anno,
2379 1653 2499 1700 non
2571 1635 2770 1718 possit
2816 1653 2951 1700 esse
2992 1635 3114 1700 alio

386 1742 565 1803 anno,
614 1726 686 1788 ut
731 1727 943 1788 omnes
988 1724 1362 1805 participent
1406 1724 1481 1787 de
1527 1723 1693 1788 dicto
1742 1722 2058 1788 beneficio.

595 1810 790 1894 Super
835 1813 1051 1895 quinto
1098 1811 1386 1895 capitulo,
1439 1831 1543 1892 per
1589 1810 1749 1895 quod
1798 1813 2036 1892 petunt,
2080 1810 2242 1894 quod
2290 1809 2498 1875 nullus
2546 1810 2701 1875 civis
2747 1811 2908 1876 dicte
2960 1811 3116 1876 civi-

384 1901 534 1965 tatis
579 1900 868 1965 teneatur
906 1900 984 1965 ad
1033 1901 1372 1965 custodiam
1436 1899 1633 1981 ipsius
1693 1899 1989 1973 civitatis,
2059 1901 2246 1964 donec
2308 1898 2497 1964 fuerit
2556 1902 2730 1964 extra
2789 1918 2946 1974 eam,
3003 1916 3115 1964 nec

385 1987 586 2054 solvat
652 1986 980 2070 guardiam
1028 1988 1363 2052 secundum
1443 1997 1663 2052 eorum'
1717 1987 2035 2069 antiquam
2098 1988 2643 2063 consuetudinem3
2716 1987 2887 2052 vadit
2947 2005 3110 2070 pars,

385 2077 543 2160 quod
592 2076 830 2140 dictum
877 2077 1219 2158 capitulum
1268 2076 1450 2140 dictis
1501 2074 1839 2140 Duracenis
1887 2074 2284 2139 confirmetur
2330 2075 2393 2139 in
2427 2076 2587 2139 hunc
2630 2077 2898 2152 modum,
2944 2074 3116 2139 vide-

385 2164 557 2238 licet,
607 2164 765 2246 quod
813 2162 1028 2227 illiex
1077 2164 1390 2246 predictiS,
1439 2163 1545 2246 qui
1591 2163 1773 2227 ibunt
1834 2164 1909 2227 ad
1970 2162 2215 2246 aliquod
2263 2164 2556 2244 viagium,
2608 2181 2727 2227 non
2783 2165 3113 2228 teneantur

383 2249 585 2315 facere
634 2250 960 2333 guardiam
1007 2269 1119 2316 nec
1165 2251 1402 2316 solvere
1450 2269 1559 2334 pro
1629 2250 1928 2316 custodiis
1976 2251 2227 2334 aliquid,
2276 2255 2533 2335 excepto
2579 2268 2765 2334 quam
2830 2251 2898 2317 in
2963 2267 3114 2317 casu

385 2339 702 2403 novitatis.

592 2424 787 2507 Super
833 2428 1006 2490 sexto
1052 2425 1342 2508 capitulo,
1391 2445 1502 2509 per
1568 2425 1729 2508 qnod
1799 2426 2040 2509 petunt,
2103 2426 2264 2511 quod
2328 2426 2537 2492 nullus
2602 2426 2860 2493 forensis
2905 2427 3113 2510 preter

378 2513 645 2577 Venetos
697 2513 890 2593 possit
933 2515 1193 2578 vendere
1240 2515 1338 2579 vel
1386 2533 1587 2578 emere
1630 2516 1748 2577 nisi
1796 2534 1832 2579 a
1877 2515 2118 2579 civibus
2163 2515 2495 2590 Durachii3
2547 2515 2719 2579 vadit
2749 2534 2914 2597 ραις,
2948 2514 3110 2597 quod

380 2602 494 2666 hec
536 2599 755 2685 petitio
802 2602 864 2665 in
912 2602 1073 2667 hunc
1118 2602 1373 2667 modum
1423 2601 1809 2680 reformetur,
1860 2603 2021 2685 quod
2069 2602 2274 2667 nullus
2317 2601 2575 2669 forensis
2609 2604 2817 2686 preter
2840 2601 3109 2667 Venetos

380 2689 445 2754 et
489 2706 701 2754 omnes
746 2691 810 2754 et
855 2690 1128 2773 singulos
1176 2691 1455 2755 subditos
1506 2691 1698 2754 nostri
1748 2690 2006 2754 dominii
2059 2692 2250 2771 possit
2288 2693 2552 2757 vendere
2598 2692 2699 2756 vel
2744 2708 2948 2756 emere
2993 2690 3109 2755 ali-

382 2777 530 2860 quid
569 2777 689 2841 nisi
739 2795 776 2840 a
823 2778 1064 2842 civibus
1113 2778 1459 2853 DuraciniS,
1491 2778 1866 2845 habentibus
1910 2778 2062 2859 ipsis
2098 2779 2441 2852 DuraciniS,
2496 2774 2753 2843 Venetis
2795 2781 2860 2843 et
2906 2776 3110 2842 omni-

380 2864 496 2930 bus
542 2864 811 2929 subditis
861 2866 1057 2930 nostri
1107 2864 1364 2930 dominii
1416 2866 1571 2930 hanc
1618 2866 2072 2948 prerogativam
2121 2885 2230 2947 per
2277 2885 2460 2930 unam
2509 2867 2673 2932 diem
2742 2866 3109 2945 noturalem,

383 2969 505 3035 qua
552 2952 960 3017 mercationes
1008 2954 1237 3018 fuerint
1284 2954 1487 3017 delate
1533 2953 1611 3016 ad
1660 2955 1979 3017 civitatem
2028 2957 2302 3018 nostram
2350 2954 2669 3019 Durachii.
2730 2953 2956 3035 Elapso
3000 2971 3109 3018 au·
3181 2964 3189 2969 '

384 3043 512 3104 tem
562 3039 670 3104 illo
717 3040 815 3104 die
864 3040 1128 3106 naturali
1176 3059 1390 3106 omues
1435 3040 1566 3104 sint
1609 3058 1680 3104 eo
1726 3043 1918 3115 statu,
1967 3058 2087 3123 quo
2131 3047 2276 3105 sunt
2323 3041 2401 3105 ad
2451 3061 2725 3125 presens,
2775 3058 2893 3105 non
2926 3041 3108 3105 intel·

388 3127 638 3211 ligendo
686 3127 1124 3194 nichilominus
1173 3130 1233 3193 in
1279 3129 1393 3192 hac
1462 3128 1757 3192 strictura
1813 3128 2105 3193 victualia
2174 3147 2282 3212 pro
2343 3129 2548 3194 vivere
2608 3132 2671 3194 et
2730 3129 3111 3194 nutrimento

386 3215 706 3281 hominum
757 3219 821 3279 et
867 3216 1251 3291 animalium,
1302 3219 1371 3280 ut
1416 3216 1646 3280 iustum
1696 3219 1809 3281 est.

596 3302 794 3383 Super
839 3300 985 3374 VII,
1030 3304 1324 3386 capitulo,
1374 3322 1482 3385 per
1522 3304 1678 3386 quod
1728 3305 1966 3385 petunt,
2013 3305 2172 3387 quod
2219 3322 2358 3368 cum
2410 3307 2472 3369 in
2518 3304 2801 3388 partibus
2869 3303 3110 3387 Apulee

383 3408 491 3473 per
537 3391 816 3455 dominos
863 3394 1130 3456 rectores
1178 3396 1241 3456 et
1287 3391 1702 3474 gabellatores
1742 3391 1982 3474 Apulee
2029 3393 2452 3473 astringentur
2491 3392 2845 3458 solvendum
2888 3410 3111 3477 granos

382 3479 659 3562 trigenta
694 3480 822 3543 tres
869 3496 979 3561 pro
1027 3479 1302 3561 qualibet
1347 3480 1528 3544 uncia
1577 3479 1803 3544 valoris
1852 3481 2297 3544 mercationum
2347 3498 2620 3558 suarum,
2669 3484 2734 3546 ct
2778 3481 2867 3545 sie
2914 3481 3112 3546 conti-

382 3583 502 3630 nuo
550 3565 673 3630 fuit
703 3567 793 3631 eis
838 3568 1254 3641 observatum,
1303 3571 1371 3630 et
1433 3567 1612 3630 modo
1682 3571 2006 3651 postquam
2067 3568 2408 3632 dominium
2485 3569 2758 3634 civitatis
2814 3566 3108 3634 Durachii

378 3655 660 3735 pervenit
705 3653 781 3718 ad
830 3671 1054 3718 manus
1100 3657 1346 3719 nostras
1395 3673 1502 3737 per
1546 3655 1829 3719 consules
1875 3658 2119 3720 nostros
2167 3654 2419 3719 iliarum
2467 3657 2740 3739 partium
2802 3659 3110 3738 coguntur

380 3745 698 3824 tamquam
748 3742 950 3806 veneti
998 3744 1064 3805 et
1109 3742 1339 3806 subditi
1389 3743 1585 3806 nostri
1631 3743 1705 3806 ad
1769 3743 2129 3808 solvendum
2205 3744 2458 3808 ducatos
2504 3746 2765 3828 quatuor
2803 3762 2911 3825 pro
2959 3762 3111 3827 quo-

385 3827 542 3892 libet
585 3830 1006 3894 centenarium
1054 3830 1389 3893 salmornm
1438 3847 1545 3911 pro
1591 3830 1849 3894 ecclesia
1896 3834 2104 3894 nostra
2149 3832 2349 3896 sancti
2393 3831 2610 3910 Marci,
2680 3835 2744 3896 et
2788 3832 2864 3895 de
2910 3833 3111 3913 prima

379 3916 704 3993 solutione,
752 3934 940 3999 quam
987 3916 1218 3982 fatiunt
1260 3919 1560 4000 tanquam
1607 3916 1933 3995 Duraceni,
1983 3917 2216 3982 minine
2265 3923 2523 4001 possunt
2567 3936 2634 3983 se
2681 3920 2863 3998 tueri,
2898 3922 2963 3983 et
2989 3934 3109 3982 non

379 4003 465 4067 sit
510 4002 753 4067 licitum
800 4023 912 4068 nec
957 4004 1302 4079 honestum,
1352 4004 1514 4087 quod
1576 4004 1697 4069 duo
1759 4020 1945 4070 onera
2013 4008 2415 4087 supportent3
2473 4007 2640 4071 vadit
2710 4024 2869 4088 pars,
2946 4006 3108 4088 quod

379 4090 525 4155 dicti
573 4091 913 4157 Durachini
959 4092 1090 4155 sint
1133 4092 1402 4156 absoluti
1450 4110 1488 4156 a
1529 4092 1839 4156 solutione
1884 4092 2255 4157 ducatorum
2301 4095 2582 4176 quatuor,
2648 4112 2796 4176 quos
2857 4093 3110 4158 solvunt

378 4177 735 4243 consulibus
779 4179 1007 4243 nostris
1055 4198 1163 4262 pro
1209 4178 1468 4244 ecclesia
1514 4182 1728 4244 nostra
1775 4179 1977 4244 sancti
2026 4179 2244 4260 Marci,
2293 4183 2359 4245 et
2389 4181 2501 4246 hoc
2540 4181 2615 4246 ad
2646 4182 3102 4264 beneplacitum

377 4265 574 4330 nostri
618 4266 896 4331 dominii.
987 4267 1070 4332 Et
1115 4268 1205 4331 sic
1247 4267 1555 4332 scribatur
1596 4270 1833 4332 nostris
1879 4268 2237 4333 consulibus
2286 4268 2528 4333 deinde.

585 4369 697 4435 Ser
743 4372 994 4437 Marcus
1043 4372 1410 4437 Mauroceno
1456 4378 1520 4434 et
1564 4391 1663 4437 ser
1711 4372 2080 4437 Benedictus
2145 4373 2416 4456 Capello.
2487 4372 2685 4458 Super
2731 4376 2950 4440 octavo
2997 4394 3100 4440 ca-

375 4459 593 4541 pitulo,
643 4477 753 4541 per
795 4461 953 4541 quod
988 4461 1388 4543 conquerunt,
1436 4460 1596 4541 qnod
1643 4460 1931 4525 dominus
1977 4459 2285 4544 Georgius
2333 4461 2530 4526 Tobia
2561 4464 2870 4545 quondam
2902 4462 3103 4528 domi-

374 4564 491 4611 nus
539 4564 685 4610 snus
731 4550 1007 4628 tempore
1056 4547 1182 4612 vite
1228 4566 1339 4611 sue
1387 4546 1684 4612 alienavit
1730 4547 2006 4612 indebite
2067 4548 2307 4631 aliquas
2372 4551 2785 4632 possessiones
2844 4552 2910 4614 et
2969 4550 3109 4615 loca

375 4633 688 4716 aliquibus
734 4631 1214 4713 AlbanensibnS,
1262 4635 1460 4698 dando
1508 4637 1573 4699 et
1621 4634 1949 4699 alienando
1994 4636 2161 4700 dicta
2206 4637 2340 4701 loca
2386 4656 2528 4702 cnm
2574 4637 2932 4704 hominibus
2982 4637 3108 4702 exi-

376 4721 686 4786 stentibus
757 4738 941 4803 super
1015 4722 1126 4800 eis,
1204 4724 1271 4787 et
1338 4722 1530 4786 etiam
1599 4721 1800 4787 dando
1870 4723 1945 4787 de
1990 4723 2173 4789 dictis
2220 4724 2595 4804 hominibus,
2652 4730 2902 4809 propter
2947 4721 3106 4805 quod
