3620 5282
3092 431 3176 495 67

814 539 819 543 ’
941 597 1026 678 e.
1102 547 1309 681 eod.
1365 599 1593 681 1348.
1650 601 1745 681 13
1801 600 2144 701 ozujka,
2197 623 2256 681 u
2314 601 2705 683 metam.

815 723 1128 798 Odyovara
1156 742 1217 783 sc
1261 743 1344 783 na
1385 727 1556 797 m'ekc
1600 726 1782 784 molbe
1828 728 1851 783 i
1896 728 2087 800 izjavc
2131 726 2452 785 §ibmoiekih
2476 728 2819 800 poslanika.
2863 746 2867 750 *

666 860 851 925 1348.
900 861 998 924 die
1054 861 1131 924 13
1174 860 1412 926 marcii
1459 862 1828 927 Examinata
1890 880 2030 927 cum
2094 863 2261 927 omni
2308 863 2633 946 diligentia
2680 864 3031 929 ambasiata
3076 884 3179 930 co-

392 966 396 969 ’
453 948 624 1012 mitis
673 951 735 1013 et
781 948 1125 1012 communis
1174 947 1443 1013 Sibenici
1490 952 1567 1013 et
1600 969 1781 1033 super
1823 950 2128 1015 contentis
2160 951 2225 1014 in
2264 970 2352 1029 ea,
2388 954 2452 1016 et
2481 952 2695 1016 habita
2725 951 3172 1018 deliberatione

452 1035 747 1133 plenaria,
797 1035 1126 1101 consulunt
1169 1036 1511 1117 sapienteS.

659 1122 887 1205 Capta:
937 1124 1001 1187 et
1045 1123 1244 1206 primo
1286 1122 1365 1186 ad
1412 1123 1683 1205 primum
1732 1124 2092 1209 capitulum,
2142 1144 2251 1207 per
2295 1128 2455 1207 quod
2486 1127 2724 1208 petunt,
2771 1127 2843 1191 ut
2887 1126 3177 1209 provide-

449 1229 630 1275 amur
673 1210 749 1275 de
796 1210 1258 1275 conservatione
1306 1213 1371 1275 et
1416 1212 1584 1275 statu
1649 1230 1759 1276 suo
1818 1212 2154 1277 secundum
2198 1213 2355 1296 quod
2417 1213 2784 1278 conveniens
2832 1214 3171 1294 videretur,

449 1299 890 1381 respondeatur
935 1297 1437 1362 ambaxatoribus
1485 1301 1627 1363 ante
1660 1298 1864 1378 dictiS,
1913 1299 2072 1381 quod
2125 1319 2364 1382 semper
2404 1301 2738 1366 habuimus
2802 1304 2866 1365 et
2926 1306 3176 1386 reputa-

447 1386 653 1450 vimus
696 1405 801 1451 eos
843 1403 952 1467 pro
987 1384 1295 1468 (amicis);
1328 1386 1390 1449 et
1436 1389 1755 1468 propterea
1786 1387 2074 1452 continuo
2107 1388 2457 1469 optavimus
2512 1391 2577 1452 et
2622 1393 2907 1472 optamus
2942 1391 3178 1454 statum

449 1478 511 1536 et
557 1473 1084 1538 conservationem
1115 1491 1346 1551 eorum,
1391 1476 1456 1537 et
1500 1491 1570 1537 eo
1618 1472 1954 1538 ferventius
2001 1494 2105 1539 eos
2152 1476 2564 1558 diligeremuS,
2615 1495 2732 1557 quo
2778 1494 2881 1539 eos
2934 1495 3179 1558 semper

449 1562 648 1643 magis
697 1561 1041 1624 invenimus
1084 1562 1366 1642 prompte
1415 1561 1746 1643 dispositos
1808 1561 1887 1625 ad
1934 1566 2147 1626 nostra
2193 1562 2582 1644 beneplacita
2632 1561 2912 1645 quelibet
2957 1565 3022 1628 et
3066 1565 3176 1628 ho-

449 1666 665 1717 nores:
710 1651 772 1712 et
818 1649 1141 1729 propterea
1187 1667 1289 1712 eos
1350 1648 1657 1713 credimus
1717 1667 1833 1712 non
1880 1649 2110 1727 latere,
2160 1650 2340 1731 quod,
2403 1650 2564 1714 sicut
2632 1649 3034 1714 manifestum
3084 1653 3180 1716 est

452 1735 757 1812 omnibus,
807 1734 885 1798 ad
937 1734 1252 1798 dominum
1302 1754 1511 1818 regem
1559 1736 1878 1819 Hungarie
1925 1736 2237 1800 mittimus
2299 1738 2540 1800 nostros
2602 1736 3033 1801 ambaxatores
3081 1757 3178 1802 so-

450 1822 749 1906 lempnes,
798 1823 862 1886 et
912 1841 1236 1904 speramus
1282 1823 1346 1885 in
1393 1822 1597 1905 gratia
1642 1823 1873 1898 divina,
1922 1824 2077 1905 quod
2125 1842 2215 1903 ea,
2265 1842 2380 1905 que
2436 1823 2737 1888 habemus
2782 1826 2984 1889 facere
3031 1842 3176 1890 cum

449 1909 697 1974 domino
743 1928 910 1992 rege,
963 1909 1229 1973 feliciter
1275 1910 1676 1991 disponentur
1729 1910 1791 1974 in
1838 1910 2016 1975 illum
2082 1912 2373 1987 modum,
2423 1912 2526 1992 qui
2573 1910 2692 1974 erit
2741 1961 2753 1975 .
2804 1960 2818 1975 .
2871 1962 2885 1976 .
2932 1911 3174 1977 ducalis

449 1998 707 2062 dominii
750 1998 814 2061 et
859 1998 1061 2060 status
1125 2000 1188 2061 et
1239 1998 1621 2062 conservatio
1682 2016 1794 2062 sua
1857 2002 1920 2062 et
1980 2017 2227 2063 suorum
2296 1997 2572 2061 fidelium
2634 2016 3172 2080 quorumcumque.

452 2085 762 2161 Preterea,
811 2085 973 2148 sicut
1022 2085 1453 2150 ambaxatores
1500 2085 1614 2167 ipsi
1662 2087 1997 2168 potuerunt
2051 2086 2298 2163 sentire,
2349 2104 2664 2149 armamus
2711 2086 2786 2149 ad
2833 2086 3176 2150 custodiam

450 2172 657 2254 culphi
704 2173 838 2237 octo
886 2171 1121 2254 galeas
1190 2191 1307 2253 que
1365 2174 1428 2236 et
1488 2174 1608 2235 alie
1664 2174 1901 2237 armate
1962 2175 2171 2236 nostre
2233 2172 2296 2235 in
2359 2174 2529 2237 omni
2588 2190 2732 2236 casu
2796 2174 3175 2239 neccessario

449 2263 656 2324 essent
700 2260 776 2324 ad
824 2259 1167 2323 custod-iam
1208 2261 1270 2323 et
1316 2259 1814 2325 salvamentum
1798 2278 2076 2344 ipsorum
2115 2262 2176 2323 et
2214 2259 2481 2324 aliorum
2506 2261 2858 2324 nostrorum
2891 2260 3170 2325 fidelium

449 2347 778 2412 notorium.
824 2345 1052 2410 Omnes
1097 2346 1172 2410 de
1220 2348 1414 2428 parte.

660 2434 891 2519 Capta:
940 2433 1016 2498 ad
1064 2435 1396 2498 secundum
1446 2433 1806 2516 capitulum,
1853 2433 1918 2498 in
1965 2452 2082 2519 quo
2133 2433 2540 2500 effectualiter
2587 2434 2957 2513 continetur,
3008 2433 3172 2517 quod

449 2524 594 2587 sunt
639 2522 704 2585 in
750 2521 999 2585 aconcio
1051 2540 1189 2585 cum
1232 2520 1454 2585 comite
1512 2521 1794 2586 Johanne
1859 2521 2011 2586 olim
2059 2521 2321 2604 Neliptii
2384 2523 2456 2586 de
2516 2521 2757 2586 damnis
2804 2541 2912 2604 per
2958 2521 3174 2604 ipsum

455 2608 748 2675 comitem
793 2607 1131 2674 ,Iohannem
1181 2607 1677 2675 Sibenicensibus
1723 2609 1938 2688 illatis,
1986 2609 2448 2692 respondeatur,
2497 2611 2655 2693 quod
2697 2628 2840 2675 cum
2886 2613 3173 2692 optemus

454 2715 633 2761 omne
677 2698 998 2761 comodum
1048 2699 1113 2760 et
1159 2695 1386 2761 bonum
1452 2697 1724 2779 ipsorum
1788 2700 2110 2780 tamquam
2171 2697 2448 2762 fidelium
2510 2698 2912 2777 dilectorum,
2960 2697 3172 2780 placet

453 2785 628 2849 nobis
675 2783 943 2848 multum
992 2783 1068 2847 de
1114 2784 1360 2848 acontio
1406 2783 1774 2866 supradicte.

662 2870 895 2954 Capta:
945 2870 1021 2934 ad
1071 2872 1331 2934 tercium
1377 2872 1742 2954 capitulum,
1792 2891 1900 2954 per
1950 2872 2110 2953 quod
2147 2873 2605 2954 conqueruntur
2636 2874 2707 2937 de
2746 2871 3011 2950 damniS,
3058 2890 3173 2954 que

450 2958 675 3023 cotidie
722 2960 1026 3042 recipiunt
1067 2976 1104 3021 a
1147 2958 1438 3041 gentibus
1485 2959 1732 3023 comitis
1780 2959 2085 3023 Maladini
2131 2963 2248 3023 etc.
2284 2959 2741 3042 respondeatur,
2791 2958 2952 3042 quod
2993 2958 3171 3024 nobis

453 3046 744 3129 displicet
791 3049 855 3111 et
899 3063 1019 3109 non
1065 3045 1375 3112 modicum
1422 3045 1648 3111 infesta
1695 3048 1908 3110 existit
1954 3047 2228 3128 quelibet
2270 3047 2531 3125 novitas,
2580 3067 2695 3129 que
2742 3048 2830 3111 eis
2864 3045 3165 3123 infertur3

450 3136 514 3197 et
561 3136 884 3217 propterea
929 3152 1037 3215 per
1083 3136 1328 3197 nostras
1377 3134 1672 3215 speciales
1716 3133 1958 3198 litteras
2001 3134 2342 3198 scribemus
2406 3134 2715 3199 antedicto
2780 3134 2991 3199 comiti
3033 3134 3169 3198 Ma-

452 3222 676 3295 ladino‚
726 3223 791 3284 et
831 3221 1296 3304 procurabimus
1343 3223 1755 3286 remocionem
1781 3221 2089 3285 dictarum
2117 3221 2563 3286 molestiarum.
2612 3222 2694 3285 Et
2727 3221 2815 3286 sic
2862 3220 3172 3285 scribatur

458 3309 673 3373 comiti
718 3308 1031 3372 antedicto
1077 3308 1140 3371 in
1189 3307 1406 3386 forma,-
1456 3327 1573 3391 que
1624 3308 1935 3372 videbitur
1981 3307 2407 3387 dominacioni,
2454 3308 2795 3374 inducendo
2842 3309 3066 3388 ipsum,
3102 3309 3174 3372 ut

459 3415 599 3461 cum
647 3396 875 3459 nostris
921 3395 1209 3459 fidelibus
1254 3395 1583 3460 antedictis
1631 3396 2018 3479 pertranseat
2063 3396 2126 3460 in
2173 3395 2591 3461 benivolentia
2639 3397 2703 3460 et
2747 3411 2974 3474 amore,
3026 3413 3173 3459 cum

451 3502 664 3547 sumus
710 3482 996 3565 dispositi
1043 3482 1120 3546 ad
1166 3500 1411 3547 omnem
1474 3483 1602 3547 eis
1624 3483 2150 3548 conservationem
2216 3485 2278 3547 et
2326 3485 2766 3566 augmentum,
2818 3483 2883 3547 et
2938 3481 3017 3546 ad
3061 3481 3176 3547 hoc

454 3589 697 3652 semper
747 3570 1032 3634 dedimus
1080 3571 1145 3634 et
1188 3569 1474 3634 dabimus
1518 3589 1760 3635 omnem
1804 3589 2054 3652 operam
2100 3570 2430 3634 efficacem.

658 3655 888 3739 Capta:
937 3657 1017 3720 ad
1065 3656 1357 3721 ultimum
1404 3657 1780 3739 capitulum,
1831 3677 1936 3740 per
1983 3657 2142 3740 quod
2198 3658 2418 3738 petunt
2463 3676 2571 3739 per
2615 3675 2726 3722 nos
2782 3659 2870 3723 eis
2914 3653 3170 3721 concedi

450 3745 719 3809 insulam
763 3745 964 3809 sancti
998 3744 1291 3808 Damiani
1336 3763 1447 3827 pro
1494 3764 1719 3828 pascuo
1757 3763 2014 3809 suorum
2046 3744 2427 3822 animalium,
2474 3746 2850 3823 consulunt,
2873 3744 3029 3827 quod
3076 3762 3174 3808 re-

449 3834 843 3915 spondeatur,
896 3833 1053 3914 quod
1101 3831 1383 3914 ignotum
1427 3835 1527 3897 est
1570 3833 1747 3896 nobis
1818 3833 2021 3896 status
2069 3838 2132 3895 et
2177 3832 2449 3896 condicio
2497 3832 2695 3897 insule
2743 3832 3073 3909 antediem,
3108 3831 3174 3895 et

451 3922 777 4002 propterea
823 3919 1164 3983 scribemus
1212 3919 1427 3982 comiti
1487 3921 1552 3983 et
1613 3919 1982 3984 consiliariis
2042 3918 2234 3983 Jadre
2296 3921 2362 3984 et
2420 3937 2520 3983 ser
2569 3919 2761 3984 Paulo
2809 3917 3171 3983 Lauredano

446 4007 745 4089 provisori
792 4009 855 4071 et
900 4006 1285 4070 ambaxatori
1330 4008 1562 4084 nostro,
1612 4006 1771 4088 quod
1820 4004 2185 4071 examinatis
2233 4007 2690 4076 condicionibus
2752 4005 2952 4069 insule
2998 4006 3174 4069 ante-

450 4095 631 4173 dicte,
681 4096 745 4159 et
791 4094 844 4159 si
888 4094 1071 4158 abilis
1119 4096 1218 4157 est
1256 4094 1335 4157 ad
1384 4112 1473 4171 ea,
1523 4112 1630 4177 pro
1678 4094 1898 4178 quibus
1947 4092 2118 4158 illam
2183 4095 2435 4176 petunt,
2500 4095 2609 4158 aut
2655 4092 2864 4175 aliqua
2908 4091 3033 4156 alia
3079 4090 3174 4156 in-

448 4183 583 4246 sula
618 4183 706 4247 eis
753 4181 955 4264 magis
1003 4180 1225 4246 abilior
1262 4182 1583 4263 appareret
1628 4200 1735 4245 nos
1783 4181 2171 4244 currentibus
2212 4182 2338 4245 suis
2376 4180 2605 4244 litteris
2650 4179 3003 4258 informare,
3054 4195 3175 4263 qua

443 4269 879 4334 informatione
925 4269 1285 4333 adveniente
1333 4267 1807 4350 providebimu8‚
1858 4268 2019 4332 sicut
2063 4268 2238 4331 nobis
2286 4267 2599 4332 videbitur
2645 4267 3003 4346 convenire,
3053 4285 3174 4330 non

448 4356 812 4439 disperando
856 4356 1057 4421 dictos
1106 4356 1177 4418 de
1225 4353 1510 4419 Sibenico
1556 4357 1629 4420 de
1675 4355 1805 4433 hoc,
1855 4353 1962 4419 sed
2008 4354 2218 4437 pocius
2266 4354 2465 4420 dando
2542 4356 2629 4419 eis
2693 4355 2920 4419 bonam
2980 4371 3174 4436 spem,

446 4444 605 4525 quod
650 4445 861 4508 nostre
891 4442 1262 4507 intencionis
1307 4441 1554 4524 penitus
1605 4441 1834 4520 existit,
1870 4441 1959 4506 eis
1992 4441 2066 4504 de
2097 4440 2266 4506 dicta
2309 4444 2511 4507 insula
2544 4440 2640 4507 vel
2672 4440 2798 4508 alia
2835 4441 3172 4524 providere.

360 4549 363 4550 ’
527 4534 686 4594 Secr.
732 4551 890 4594 con-9.
936 4536 1124 4606 νομαί.
1169 4531 1245 4590 Α.
1300 4533 1445 4602 102,
1493 4550 1535 4591 u
1579 4533 1922 4592 mletackom
1968 4532 2201 4591 oerkivu.
