3620 5282
1453 1265 1523 1347 Ι.
1596 1266 1802 1349 aod.
1860 1267 2074 1348 1116.

406 1390 585 1451 Duid
627 1392 903 1451 mletacki
937 1392 1284 1466 potvrdjuje
1319 1394 1562 1466 poveb'u
1618 1394 1694 1453 od
1732 1394 2090 1466 krvatskoya
2136 1393 2336 1466 kralja
2369 1395 2729 1454 Kriesimira
2782 1395 3131 1469 podieljenu

1171 1483 1511 1539 mana-stira
1557 1498 1640 1540 ευ.
1689 1482 1889 1540 Ivana
1932 1498 1976 1540 u
2019 1480 2350 1555 Bioqradu.

620 1600 801 1665 Anno
850 1601 1080 1665 domini
1130 1605 1195 1665 et
1243 1601 1570 1665 salvatoris
1631 1601 1828 1666 nostri
1893 1601 2045 1665 Jesu
2092 1599 2323 1665 Christi
2388 1601 2722 1665 millesimo
2786 1604 3125 1669 centesimo

407 1688 842 1764 sextodecimo,
894 1688 1228 1752 indictione
1275 1708 1451 1753 nona.
1516 1690 1650 1772 Ego
1695 1688 2031 1753 Ordilaffus
2077 1689 2362 1752 Faletrus
2423 1689 2628 1771 gratia
2691 1690 2788 1753 dei
2836 1691 2956 1754 dux
3007 1693 3131 1756 Ve-

410 1774 755 1853 netiarum,
820 1776 1319 1840 Dalmaticorum
1384 1780 1569 1859 atque
1635 1776 2098 1841 Chroaticorum
2169 1776 2563 1859 privilegium
2627 1778 2823 1842 sancti
2869 1777 3129 1843 Joannis

410 1862 846 1944 Belgradensis
895 1864 1255 1928 monasterii
1320 1884 1355 1928 a
1402 1863 1747 1928 Cresimero
1795 1883 1939 1946 rege
1987 1863 2218 1927 factum
2282 1882 2394 1945 ego
2443 1864 2728 1940 colando,
2797 1869 2860 1928 et
2907 1866 2969 1928 in
3017 1886 3131 1930 sua

409 1949 755 2014 stabilitate
804 1951 1124 2028 confirmO,
1174 1953 1262 2015 ita
1312 1955 1380 2015 ut
1428 1951 1634 2016 nullus
1681 1952 2002 2033 episcopus
2067 1954 2174 2015 aut
2229 1969 2433 2016 comes
2498 1953 2597 2016 vel
2650 1952 2802 2016 civis
2869 1953 3130 2033 predicti

406 2040 766 2103 monasterii
812 2039 1170 2104 libertatem
1217 2039 1447 2103 violare
1494 2039 1760 2116 audeat,
1826 2058 2006 2120 quam
2060 2058 2173 2101 non
2225 2039 2424 2103 solum
2472 2057 2508 2102 a
2540 2039 2716 2103 nobis
2749 2041 3127 2105 confirman-

404 2126 548 2188 dum
598 2144 731 2190 esse
780 2126 1062 2203 dicimus,
1110 2127 1215 2191 sed
1259 2145 1295 2191 a
1342 2129 1518 2191 beato
1564 2125 1639 2190 G.
1676 2125 1752 2191 G.
1791 2126 1902 2208 (sc.
1940 2127 2262 2209 Gregorio)
2297 2144 2544 2191 romane
2576 2127 2747 2190 urbis
2792 2146 2951 2209 papa
2985 2146 3128 2192 san-

403 2213 592 2276 citam
641 2214 701 2276 in
751 2214 880 2278 suis
922 2212 1187 2278 decretis
1237 2234 1369 2278 esse
1411 2214 1828 2297 cognovimus.
1883 2214 2035 2277 Volo
2086 2214 2276 2295 igitur
2341 2213 2546 2277 ducali
2615 2218 2679 2278 et
2725 2215 2929 2297 regali
2979 2233 3125 2279 auc-

386 2299 655 2369 .toritate
703 2302 969 2379 firmare,
1020 2304 1089 2366 ut
1136 2302 1188 2365 si
1238 2302 1374 2385 quis
1449 2302 1605 2365 libet
1650 2301 1835 2366 huius
1901 2301 2213 2365 libertatis
2274 2303 2731 2366 concessionem
2792 2305 3123 2368 temerario

402 2405 557 2451 ausu
605 2388 938 2471 infringere
987 2391 1411 2471 temptaverit,
1476 2389 1700 2452 libram
1758 2388 1890 2452 auri
1955 2389 2145 2470 regali
2209 2388 2354 2452 fisco
2404 2388 2727 2470 persolvat.
2810 2389 3120 2455 Similiter

294 2549 299 2552 ,
404 2475 727 2540 ecclesiam
776 2478 1129 2541 sanctorum
1178 2476 1398 2541 Cosme
1443 2480 1505 2541 et
1553 2476 1844 2542 Damiani
1877 2476 2062 2539 laudo
2096 2478 2156 2539 et
2194 2474 2485 2540 confirmo
2520 2477 2675 2556 ide0,
2721 2478 2791 2541 ut
2837 2496 3121 2560 agnosce,

404 2564 708 2628 veraciter
756 2564 946 2628 fuisse
992 2565 1301 2647 propriam
1353 2564 1712 2628 monasterii
1762 2563 1922 2628 beati
1971 2563 2229 2627 Joannis
2273 2565 2651 2648 evangeliste
2689 2564 3112 2648 belgradensis

408 2653 767 2716 monasterii
817 2671 889 2717 ex
935 2653 1263 2717 donatione
1291 2653 1557 2735 episcopi
1608 2652 1778 2716 illius
1828 2652 2121 2731 civitatiS,
2159 2652 2534 2717 Pristantius
2577 2653 2843 2727 nomine,
2895 2658 2959 2718 et
3005 2654 3130 2717 ali·

406 2757 580 2803 orum
632 2743 1056 2823 episcoporum
1106 2745 1168 2804 et
1215 2742 1379 2806 cives
1427 2740 1593 2804 illius
1641 2740 1913 2804 civitatis
1965 2743 2029 2803 et
2075 2758 2323 2804 romane
2366 2740 2528 2804 sedis
2575 2741 3118 2822 aprocrisariorum

404 2826 931 2892 confirmationem
980 2830 1043 2892 et
1089 2829 1252 2893 clero
1300 2847 1371 2893 ac
1420 2828 1641 2911 populo
1687 2826 1968 2891 collaudo
2014 2831 2078 2891 et
2116 2828 2410 2891 confirmo
2471 2845 2609 2892 eam
2657 2827 3007 2892 habendam
3061 2829 3126 2893 in

401 2920 717 2997 perpetuo.
766 2914 1150 2998 Quicumque
1196 2921 1403 2980 autem
1453 2917 1806 2997 episcopum
1856 2916 1964 2979 aut
2006 2915 2268 2979 aliorum
2294 2914 2613 2980 hominum
2650 2914 2762 2979 hoc
2799 2915 3117 2979 decretum

406 3003 740 3084 infringere
788 3004 1209 3084 temptaverit,
1261 3009 1323 3067 et
1372 3002 1496 3066 alia
1544 3002 1714 3066 illius
1758 3003 2016 3066 ecclesie
2076 3001 2402 3084 privilegia
2462 3002 2821 3081 violaverit,
2887 3003 3125 3080 omnia,

404 3107 521 3170 que
571 3090 856 3169 possidet,
910 3092 972 3153 in
1018 3091 1231 3173 phisco
1281 3091 1481 3155 ducali
1529 3097 1593 3153 et
1635 3090 1829 3170 regali
1878 3089 2224 3154 deveniant.
2306 3090 2437 3154 Hec
2497 3089 2744 3155 decreta
2787 3091 2994 3155 silicet
3044 3090 3123 3154 li-

406 3177 668 3241 bertatis
714 3179 1070 3242 monasterii
1119 3178 1285 3243 beati
1334 3177 1593 3242 Joannis
1642 3177 2021 3261 evangeliste
2071 3177 2186 3242 tibi
2215 3177 2409 3243 Fusco
2456 3179 2667 3243 abbati
2702 3178 3118 3261 omnibusque

403 3266 860 3329 successoribus
909 3266 1034 3329 tuis
1082 3267 1344 3330 firmiter
1392 3268 1455 3329 et
1501 3265 1632 3328 iure
1689 3268 1984 3346 perpetuo
2034 3264 2316 3330 tenenda.

613 3354 743 3436 Ego
793 3354 1041 3416 Marcus
1075 3353 1345 3416 Michael
1379 3372 1580 3417 comes
1612 3351 1800 3416 Jadre
1834 3371 2020 3417 manu
2054 3372 2189 3417 mea
2222 3353 2581 3436 subscripsi,
2618 3373 2874 3436 meoque
2908 3354 3122 3435 sigillo

400 3441 692 3522 pendenti
739 3442 815 3503 ad
860 3439 1198 3522 pleniorem
1238 3441 1422 3505 fidem
1470 3440 1841 3504 communiri
1888 3439 2026 3504 feci.

614 3527 748 3610 Ego
797 3527 1077 3592 Marinus
1126 3529 1464 3592 Barbadico
1512 3546 1764 3610 presens
1821 3529 2017 3592 scrivo
2069 3527 2129 3590 in
2174 3546 2376 3592 meam
2425 3528 2800 3612 presentiam
2848 3529 3124 3594 fideliter

401 3615 476 3679 ad
524 3616 907 3679 autenticum
956 3616 1275 3694 ascultavi,
1326 3621 1388 3680 et
1430 3617 1574 3698 quia
1638 3617 1966 3697 utrumqne
2028 3617 2390 3679 concordare
2454 3617 2698 3694 inveni,
2747 3635 2937 3681 manu
2989 3619 3115 3681 mei

397 3704 575 3768 testis
611 3703 969 3785 subscripsi.

607 3791 743 3875 Ego
793 3791 1014 3855 Petrus
1058 3791 1229 3855 Meso
1274 3810 1526 3873 presens
1569 3792 1869 3872 scriptum
1910 3790 1970 3852 in
2019 3791 2141 3854 mei
2189 3790 2501 3871 presencia
2548 3790 2815 3855 fideliter
2864 3793 3122 3855 aucten-

398 3880 659 3943 ticatum
709 3879 1025 3956 ascoltavi,
1076 3882 1139 3943 et
1183 3880 1326 3961 quia
1375 3888 1706 3960 utrumque
1755 3876 2116 3941 concordare
2164 3877 2388 3955 inveni,
2438 3898 2537 3943 me
2586 3879 2648 3942 in
2696 3879 2924 3943 testem
2970 3882 3120 3946 sub-

394 3955 632 4050 scripsi.

603 4055 735 4137 Ego
785 4053 1083 4118 Nicolaus
1129 4053 1448 4117 Benedicti
1497 4054 1570 4116 «le
1619 4053 1928 4118 Matafaro
1976 4053 2354 4118 examinator
2403 4072 2651 4135 presens
2699 4053 3005 4135 scriptum
3056 4056 3119 4118 in

398 4142 520 4205 mei
569 4143 884 4223 presencia
925 4141 1001 4205 ad
1047 4141 1434 4206 autenticum
1483 4142 1746 4206 fideliter
1793 4140 1937 4223 legi,
1986 4140 2237 4217 audivi,
2282 4142 2346 4206 et
2392 4142 2536 4223 quia
2583 4144 2915 4223 utrumque
2967 4160 3117 4207 con-

395 4229 645 4294 cordare
695 4230 918 4307 inveni,
968 4246 1156 4293 manu
1203 4248 1342 4293 mea
1383 4228 1621 4310 scripsi.

603 4316 735 4399 Ego
780 4316 1111 4400 Gregorius
1158 4318 1232 4381 de
1282 4315 1655 4394 ZaudoliniS,
1705 4317 1886 4381 iudex
1932 4315 2335 4394 examinator,
2383 4335 2634 4399 presens
2696 4318 3000 4398 scriptum
3051 4317 3115 4381 in

394 4404 519 4468 mei
568 4405 876 4485 presentia
923 4405 1001 4468 ad
1049 4406 1430 4469 autenticum
1477 4404 1746 4468 fideliter
1790 4403 1934 4487 legi,
1980 4404 2220 4482 audivi,
2272 4405 2336 4468 et
2379 4404 2524 4486 quia
2586 4407 2918 4487 utrumque
2968 4423 3114 4468 con-

395 4492 645 4557 cordare
693 4492 919 4569 inveni,
972 4510 1221 4556 manum
1272 4491 1439 4556 misi.

600 4582 733 4665 Ego
778 4580 1122 4660 Egidiollus
1170 4579 1245 4643 de
1293 4578 1624 4643 Predalata
1671 4580 1744 4642 de
1788 4578 2088 4643 Cremona
2134 4577 2443 4660 imperiali
2486 4578 2856 4643 auctoritate
2904 4580 3116 4661 publi-

389 4688 495 4732 cus
545 4669 820 4734 notarius
866 4669 982 4732 hoc
1028 4668 1379 4749 exemplum
1427 4667 1502 4731 ad
1550 4666 1933 4731 autenticum
1981 4665 2284 4748 scriptum
2338 4684 2519 4729 manu
2549 4666 2745 4729 Blasii
2781 4667 3113 4731 Michaelis

390 4756 690 4821 Leonardi
738 4754 964 4822 notarii
1014 4754 1389 4837 infrascripti
1454 4754 1787 4836 diligenter
1836 4758 1900 4818 et
1961 4752 2223 4818 fideliter
2283 4752 2589 4817 ascultavi
2657 4772 2775 4849 una
2823 4773 2967 4818 cum
3018 4756 3113 4817 iu-

2881 4856 2915 4895 a.
