3620 5282
3107 323 3191 389 63

472 492 674 577 Moysi
735 494 865 559 filio
921 493 1146 559 iudicis
1208 494 1491 558 Bartholi
1551 493 1627 558 de
1690 493 1917 576 Segnia
1976 494 2041 557 et
2097 492 2352 558 Nicolao
2413 492 2564 558 olim
2626 492 2757 558 filio
2816 492 3197 562 vicecomitis

475 580 734 645 Vindeni
782 583 870 644 ire
918 581 1281 646 debentibus
1326 599 1468 644 cum
1514 578 1562 645 G
1610 580 1791 644 sociis
1838 582 2216 664 equistribus
2262 584 2472 645 contre
2515 579 2857 645 Cretenses,

683 669 753 731 In
816 668 910 733 dei
972 669 1220 733 nomine
1281 686 1480 733 amen.
1544 668 1724 732 Anno
1784 667 2090 732 dominia
2134 669 2457 734 nativitate
2519 668 2793 734 eiusdem
2863 668 3195 734 millesimo

474 756 907 820 trecentesimo
971 759 1351 837 sexagesimo
1417 757 1656 837 quarto,
1720 755 2053 819 indictione
2113 757 2396 833 secunda,
2467 755 2565 819 die
2623 756 2919 839 vigesimo
2978 759 3198 838 quarto

476 842 704 907 mensis
754 843 1034 907 ianuarii.
1082 841 1486 924 Temporibus
1518 843 1799 924 equidem
1833 843 2062 906 domini
2109 843 2396 908 Lodovici
2443 843 2539 907 dei
2585 844 2787 925 gratia
2820 843 3198 908 serenissimi

473 930 636 1011 regis
672 929 1008 1014 Hungarie,
1060 930 1428 996 venerabilis
1464 931 1678 994 fratris
1716 930 2006 993 Prothine
2038 932 2248 994 eadem
2289 932 2489 1013 gratia
2520 930 2788 1012 episcopi
2823 930 3196 1012 Segniensis,

474 1018 1062 1100 magnificorumque
1132 1018 1400 1082 virorum
1465 1016 1851 1083 dominorum
1916 1016 2213 1097 Stephani
2273 1021 2337 1081 01
2400 1017 2700 1083 ,Iohannis
2767 1018 3000 1100 vegla,
3064 1020 3199 1083 Mo-

475 1103 734 1182 drussie,
784 1104 1045 1171 Csezche
1092 1108 1156 1170 et
1201 1104 1485 1170 Vinodoli
1531 1104 1824 1171 comitum
1875 1122 1946 1168 00
1993 1104 2263 1168 civitatis
2311 1103 2533 1187 Segnie
2579 1106 2960 1170 dominorum
3016 1124 3200 1189 gene-

476 1191 723 1269 ralium,
774 1194 999 1257 nobilis
1048 1194 1265 1257 militis
1311 1193 1545 1256 domini
1591 1191 1835 1255 Andree
1883 1192 2284 1269 vicecomitis,
2330 1192 2548 1257 Jacobi
2610 1192 2915 1276 quondam
2976 1193 3197 1257 iudicis

477 1277 717 1356 Cosme‚
766 1279 972 1344 Veroli
1019 1283 1321 1363 quondam
1370 1279 1588 1344 iudicis
1630 1277 1894 1355 Dimini,
1945 1280 2009 1342 et
2056 1277 2275 1343 Jacobi
2319 1279 2623 1361 quondam
2658 1280 2875 1343 iudicis
2923 1280 3195 1359 vidonis,

477 1365 744 1430 iudicum
793 1368 1066 1432 civitatis
1115 1368 1403 1449 predicte.
1452 1366 1684 1431 Actum
1734 1365 1798 1428 in
1846 1366 2099 1432 civitate
2142 1365 2365 1447 Segnie
2412 1367 2472 1429 in
2515 1367 2752 1430 stancia
2799 1367 3198 1433 habitationis

480 1471 577 1516 ser
623 1452 818 1517 Marci
863 1454 1089 1528 Sclavi,
1161 1454 1550 1535 presentibus
1612 1454 1744 1536 ipso
1800 1472 1900 1517 ser
1962 1452 2177 1517 Marco
2237 1452 2476 1528 Sclav0,
2539 1472 2636 1517 ser
2702 1454 3030 1519 Francisco
3089 1453 3197 1519 Sa·

478 1540 686 1604 chetto
730 1540 805 1604 de
875 1541 1161 1606 Veneciis
1206 1540 1437 1607 ,Iacobo
1500 1541 1627 1605 filio
1678 1542 1980 1621 quondam
2043 1539 2263 1605 iudicis
2328 1539 2596 1621 Philippi
2657 1538 2734 1603 de
2794 1539 3018 1622 Segnia
3081 1541 3199 1606 Mi-

477 1626 685 1691 chaele
732 1627 1063 1709 Campiono
1123 1629 1198 1693 de
1245 1629 1527 1693 veneciis
1567 1629 1632 1691 et
1689 1627 1831 1691 aliis
1893 1626 2156 1692 testibus
2216 1626 2293 1691 ad
2356 1628 2468 1691 hec
2529 1626 2781 1702 vocatis,
2846 1627 3074 1691 habitis
3136 1631 3199 1692 et

477 1714 729 1796 rogatis
780 1716 994 1799 Ibique
1037 1717 1275 1780 nobiles
1324 1717 1435 1780 viri
1480 1716 1722 1798 Moyses
1767 1713 1933 1779 filius
1992 1712 2215 1779 iudicis
2265 1714 2542 1780 Bartholi
2589 1714 2662 1778 de
2710 1711 2934 1795 Segnia
2996 1716 3196 1794 verbo,

479 1819 777 1867 consensu
824 1806 888 1868 et
933 1804 1306 1869 auctoritate
1354 1804 1506 1867 dicti
1551 1802 1748 1885 patris
1796 1802 1892 1866 sui
1934 1802 2018 1867 ibi
2067 1803 2368 1883 presentis
2429 1803 2494 1866 et
2546 1804 2621 1866 ad
2677 1801 2884 1866 omnia
2946 1803 3010 1866 01
3071 1802 3200 1866 010-

478 1888 628 1970 gula
675 1889 1065 1972 infrascripta
1111 1891 1550 1956 consentientis
1596 1907 1667 1953 ac
1712 1889 2007 1954 Nicolaus
2054 1889 2220 1953 filius
2280 1889 2586 1971 quondam
2636 1888 3011 1953 vicecomitis
3043 1889 3197 1954 Vin-

477 1974 616 2040 deni
665 1976 741 2042 de
789 1976 1076 2043 Cherlino
1123 1980 1306 2044 ambo
1352 1978 1543 2042 simul
1590 1979 1653 2040 et
1694 1978 1945 2058 uterque
1993 1986 2202 2040 eorum
2250 1976 2311 2039 in
2374 1976 2643 2040 solidum
2705 1977 2994 2055 contenti,
3056 1994 3200 2040 con-

480 2061 625 2127 fessi
673 2066 735 2128 et
759 2084 899 2130 vere
946 2066 1256 2130 manifesti
1288 2066 1537 2129 fuerunt
1567 2066 1631 2127 in
1678 2081 1743 2127 se
1790 2064 2077 2128 habuisse
2125 2066 2189 2127 et
2233 2064 2605 2128 manualiter
2651 2064 2948 2144 recepisse
2981 2065 3198 2128 mutuo

475 2168 510 2214 a
556 2150 1013 2217 Zambernardo
1059 2153 1135 2217 de
1183 2152 1402 2218 Cisono
1449 2153 1686 2216 notario
1732 2152 1961 2215 domini
2011 2151 2183 2214 ducis
2245 2153 2309 2215 01
2368 2151 2714 2215 0010100010
2775 2150 3195 2230 Venetiarum,

476 2236 677 2316 dante,
729 2240 1090 2303 numerante
1134 2243 1197 2303 et
1245 2242 1566 2303 mutuante
1611 2238 1858 2302 nomine
1904 2240 1968 2302 et
2012 2237 2143 2303 vice
2189 2237 2384 2318 ipsius
2430 2237 2663 2303 domini
2703 2238 2876 2302 ducis
2922 2240 2986 2302 et
3031 2256 3199 2304 com-

476 2324 682 2387 munis
732 2325 1130 2389 Venetiarum
1177 2326 1435 2390 ducatos
1481 2326 1654 2390 mille
1701 2325 1843 2390 boni
1908 2327 2038 2390 auri
2085 2327 2149 2389 et
2194 2326 2343 2390 iusti
2397 2327 2701 2408 ponderis,
2767 2322 2881 2402 Qui
2946 2326 3194 2409 quidem

478 2410 689 2474 ducati
759 2412 932 2476 mille
991 2415 1332 2496 computari
1395 2414 1658 2486 debeant
1726 2417 1789 2478 et
1850 2412 2137 2477 defalcari
2194 2413 2267 2476 de
2328 2415 2506 2495 pagis
2571 2417 2634 2476 et
2691 2412 2862 2476 soldo
2925 2413 3194 2494 ipsorum

478 2498 683 2579 Moysi
727 2500 790 2564 et
836 2500 1075 2564 Nicolai
1123 2504 1186 2566 et
1230 2501 1525 2565 sotiorum
1571 2519 1820 2566 suorum
1859 2500 2213 2565 debentium
2261 2499 2347 2563 ire
2387 2500 2464 2564 ad
2510 2498 2831 2564 servitium
2880 2500 3030 2564 dicti
3091 2501 3198 2565 do-

479 2585 629 2649 mini
692 2586 861 2651 ducis
924 2590 988 2652 et
1048 2588 1392 2654 communis
1452 2588 1858 2653 Veueciarum
1921 2590 2136 2653 contra
2199 2587 2460 2653 rebelles
2523 2606 2665 2652 suos
2731 2587 2930 2652 insule
2992 2587 3192 2668 Crete,

476 2671 638 2736 sicut
682 2674 878 2738 eidem
924 2675 1170 2741 domino
1218 2677 1359 2741 duci
1408 2695 1515 2740 seu
1563 2676 1928 2757 deputandis
1975 2677 2051 2740 ab
2096 2694 2167 2740 eo
2215 2676 2577 2740 conveniens
2624 2678 2688 2740 et
2741 2675 2969 2740 melius
3030 2674 3186 2740 vide·

478 2759 660 2839 bitur,
731 2764 1153 2826 renuntiantes
1201 2763 1380 2828 ambo
1441 2765 1505 2827 et
1564 2781 1776 2827 eorum
1838 2769 2092 2845 uterque
2150 2762 2490 2844 exceptioni
2550 2782 2665 2826 non
2724 2763 2843 2826 sibi
2889 2765 3192 2841 datorum,

475 2864 592 2911 non
654 2852 1116 2920 numeratorum
1181 2853 1244 2915 et
1305 2868 1423 2915 non
1488 2852 1875 2932 receptorum
1942 2850 2303 2914 ducatorum
2366 2850 2637 2932 ipsorum
2702 2849 2875 2913 mille
2935 2850 3067 2912 auri
3132 2851 3196 2913 et

473 2935 812 3016 exceptioni
860 2937 1003 3015 (1011,
1055 2939 1205 3002 01011
1251 2941 1315 3002 01
1360 2938 1425 3001 10
1473 2937 1705 3001 factum
1754 2938 1820 3001 et
1863 2956 1931 3000 ex
1982 2938 2213 3001 iniusta
2260 2955 2465 3013 001100,
2525 2954 2633 3018 pro
2681 2936 2901 3017 quibus
2949 2935 3195 3017 quidem

476 3019 690 3104 Moyse
735 3024 798 3085 et
840 3023 1098 3088 Nicolao
1145 3027 1208 3089 et
1252 3027 1506 3107 utroque
1548 3042 1758 3088 00111111
1829 3024 1891 3086 10
1939 3024 2201 3088 solidum
2267 3024 2502 3087 nobiles
2565 3023 2678 3087 viri
2743 3023 2971 3087 (1010101
3034 3024 3197 3089 vice-

474 3124 678 3171 comes
724 3108 1025 3188 Andreas,
1076 3113 1387 3176 Frexonus
1435 3111 1695 3176 vicarius
1744 3110 1968 3193 Segnie
2020 3112 2085 3176 et
2143 3111 2323 3177 iudex
2379 3109 2704 3175 Bartholus
2770 3113 2943 3193 pater
3003 3111 3195 3193 ipsius

476 3194 676 3277 Moysi
724 3214 932 3262 omues
980 3199 1363 3264 concorditer
1417 3201 1481 3264 et
1525 3198 1788 3282 quilibet
1835 3217 2043 3263 eorum
2094 3200 2152 3262 in
2201 3199 2486 3276 solidum,
2548 3199 2623 3264 ad
2687 3216 2866 3281 quem
2924 3197 3192 3279 ipsorum

473 3280 677 3346 dictus
724 3281 1007 3348 dominus
1054 3287 1173 3349 dux
1218 3291 1283 3350 et
1328 3305 1654 3351 commune
1704 3287 2100 3350 Venetiarum
2150 3285 2473 3350 voluerunt
2517 3306 2582 3350 se
2629 3287 2836 3350 tenere
2893 3286 2954 3349 in
3018 3289 3194 3367 parte

472 3371 535 3431 et
580 3369 642 3431 in
691 3370 840 3449 toto,
913 3372 1346 3437 fideiusserunt
1413 3377 1479 3438 01
1523 3393 1588 3437 00
1631 3373 2088 3437 00001110011101
2133 3373 2365 3455 plezios
2412 3375 2612 3438 eidem
2658 3372 2905 3436 domiuo
2944 3371 3083 3437 duci
3132 3376 3195 3436 et

473 3458 779 3520 communi
832 3458 1227 3524 venetiarum
1275 3461 1564 3526 videlicet
1622 3462 1780 3544 quod
1846 3460 1995 3524 dicti
2045 3461 2289 3543 Moyses
2345 3463 2409 3525 et
2448 3460 2742 3525 Nicolaus
2810 3478 2949 3523 cum
3020 3460 3194 3525 sotiis

471 3543 600 3606 suis
647 3543 797 3607 bene
844 3547 909 3610 et
945 3547 1215 3612 fideliter
1260 3548 1640 3629 persei-vient
1684 3548 1849 3612 dicto
1874 3548 2120 3612 domino
2151 3548 2290 3613 duci
2331 3551 2394 3611 et
2425 3548 2740 3612 communi
2773 3546 3191 3625 Venetiarum,

470 3628 659 3694 donec
706 3631 855 3697 dicti
901 3633 1110 3698 ducati
1157 3633 1330 3699 mille
1377 3637 1530 3714 auri,
1580 3637 1651 3698 ut
1697 3654 1886 3717 supra
1930 3634 2177 3712 dicitur,
2248 3636 2321 3699 de
2368 3635 2497 3699 suis
2562 3636 2739 3717 pagis
2799 3633 3029 3699 fuerint
3090 3636 3194 3699 de-

469 3714 700 3781 falcati.
755 3720 834 3783 Et
871 3720 934 3784 10
978 3740 1123 3786 00011
1169 3739 1287 3802 quo
1330 3740 1447 3787 non
1498 3723 1926 3803 perservirent,
1975 3724 2047 3785 ut
2092 3724 2381 3786 tenentur
2426 3740 2534 3804 per
2580 3725 2761 3804 pacta
2807 3723 2966 3786 inter
3027 3723 3193 3804 ipsos

469 3803 683 3868 000110
729 3809 995 3885 tantum,
1037 3809 1194 3889 quod
1240 3807 1392 3872 dicti
1439 3809 1645 3873 ducati
1693 3809 1865 3872 mille
1910 3807 2362 3873 defalcarentur
2406 3808 2481 3873 de
2528 3809 2703 3893 pagis
2749 3809 2895 3886 suia,
2944 3810 3015 3873 ut
3059 3827 3194 3890 pre·

473 3890 765 3970 mittitur,
813 3898 1272 3960 constituerunt
1331 3914 1399 3961 00
1467 3894 1747 3979 proprios
1809 3899 2135 3978 pagatores
2191 3914 2300 3977 pro
2362 3897 2513 3978 ipsis
2575 3898 2648 3960 de
2710 3895 2893 3960 dictis
2954 3895 3192 3960 ducatis

471 3977 642 4042 mille
688 3982 824 4044 01111
870 4001 979 4046 seu
1026 3984 1097 4046 de
1143 3981 1255 4046 illa
1301 3986 1492 4065 parte,
1540 4001 1659 4064 que
1706 3987 1973 4046 restaret
2018 3983 2330 4061 defalcari,
2380 4001 2531 4065 quos
2595 3982 2843 4064 quidem
2917 3981 3192 4046 denarios

469 4081 586 4128 non
632 4064 971 4133 defalcatos
1020 4069 1240 4150 prefati
1288 4070 1517 4135 domini
1542 4069 1824 4134 Andreas
1858 4070 2212 4148 vicecomeS,
2261 4072 2568 4134 Frexonus
2614 4068 2879 4133 vicarius
2924 4067 3192 4144 0111111011

470 4150 803 4219 Bartholus
851 4158 915 4220 et
960 4175 1173 4221 eorum
1221 4156 1487 4238 quilibet
1530 4159 1591 4221 in
1643 4157 1912 4221 solidum
1974 4176 2113 4220 cum
2177 4157 2556 4238 obligatione
2616 4157 2890 4220 omnium
2939 4174 3192 4221 suorum

468 4237 767 4305 bonorum
813 4245 1188 4324 presentium
1238 4246 1301 4307 et
1345 4245 1690 4309 futurorum
1740 4262 1847 4325 per
1886 4244 2218 4309 solemnem
2255 4244 2721 4327 stipulationem
2784 4244 3194 4326 promiserunt

467 4324 612 4390 dare
661 4329 727 4391 et
770 4329 1100 4395 restituere
1146 4330 1311 4395 dicto
1361 4332 1607 4395 domino
1675 4330 1813 4394 duci
1876 4331 1940 4394 et
1996 4333 2310 4395 communi
2378 4331 2770 4396 Venetiarum
2832 4350 2939 4395 0011
3004 4332 3192 4413 depu-

466 4414 669 4477 tandis
709 4415 786 4479 ab
832 4435 902 4481 eo
952 4436 1090 4480 01110
1140 4418 1503 4500 integritate
1550 4417 1711 4481 iufra
1757 4418 1907 4481 duos
1970 4436 2231 4495 1000000,
2295 4421 2621 4501 postquam
2679 4418 2896 4501 prefati
2945 4418 3190 4501 Moyses

466 4501 529 4563 et
574 4501 865 4566 Nicolaus
916 4506 1281 4568 recesserint
1325 4524 1362 4570 a
1406 4505 1658 4570 servitio
1704 4505 1897 4585 ipsius
1952 4504 2180 4569 domini
2242 4506 2416 4570 ducis
2474 4508 2539 4570 01
2591 4505 2934 4570 0010100010
2992 4506 3191 4571 Vene-

464 4587 721 4666 ciarum,
766 4607 904 4653 cum
950 4591 1280 4656 refectione
1327 4593 1687 4657 damnorum
1735 4593 1800 4655 01
1845 4610 2241 4674 expensarum
2297 4610 2370 4657 ac
2415 4593 2711 4660 interesse
2759 4593 2872 4659 sub
2917 4611 3075 4676 pena
3120 4595 3186 4658 et

461 4675 525 4740 in
573 4694 725 4757 pena
769 4677 1129 4743 ducatorum
1175 4681 1425 4744 centum
1466 4680 1603 4744 auri
1644 4678 2038 4761 stipulatione
2084 4681 2400 4762 premissa.
2453 4681 2582 4746 Pro
2624 4680 2847 4764 quibus
2893 4680 3180 4747 omnibus
