<?xml version="1.0" encoding="UTF-8"?>
<!DOCTYPE html PUBLIC "-//W3C//DTD XHTML 1.0 Transitional//EN"
    "http://www.w3.org/TR/xhtml1/DTD/xhtml1-transitional.dtd">
<html xmlns="http://www.w3.org/1999/xhtml" xml:lang="en" lang="en">
 <head>
  <title>
</title>
<meta http-equiv="Content-Type" content="text/html;charset=utf-8" />
  <meta name='ocr-system' content='tesseract 3.04.00' />
  <meta name='ocr-capabilities' content='ocr_page ocr_carea ocr_par ocr_line ocrx_word'/>
</head>
<body>
  <div class='ocr_page' id='page_1' title='image "./monumentaspecta02umjegoog_0673.png"; bbox 0 0 3620 5282; ppageno 0'>
   <div class='ocr_carea' id='block_1_1' title="bbox 3076 393 3192 456">
    <p class='ocr_par' dir='ltr' id='par_1_1' title="bbox 3076 393 3192 456">
     <span class='ocr_line' id='line_1_1' title="bbox 3076 393 3192 456; baseline 0.009 -1"><span class='ocrx_word' id='word_1_1' title='bbox 3076 393 3192 456; x_wconf 84' lang='lat'>121</span> 
     </span>
    </p>
   </div>
   <div class='ocr_carea' id='block_1_2' title="bbox 463 560 3205 1437">
    <p class='ocr_par' dir='ltr' id='par_1_2' title="bbox 463 560 3205 1437">
     <span class='ocr_line' id='line_1_2' title="bbox 474 560 3198 647; baseline 0.002 -22"><span class='ocrx_word' id='word_1_2' title='bbox 474 560 693 626; x_wconf 85' lang='lat' dir='ltr'>derans</span> <span class='ocrx_word' id='word_1_3' title='bbox 739 561 1012 644; x_wconf 83' lang='lat' dir='ltr'>prefatus</span> <span class='ocrx_word' id='word_1_4' title='bbox 1059 562 1327 627; x_wconf 89' lang='lat' dir='ltr'>illustris</span> <span class='ocrx_word' id='word_1_5' title='bbox 1373 565 1435 626; x_wconf 88' lang='lat' dir='ltr'>et</span> <span class='ocrx_word' id='word_1_6' title='bbox 1474 563 1839 647; x_wconf 89' lang='lat' dir='ltr'>magnificus</span> <span class='ocrx_word' id='word_1_7' title='bbox 1886 565 2169 647; x_wconf 89' lang='lat' dir='ltr'>princeps</span> <span class='ocrx_word' id='word_1_8' title='bbox 2219 573 2280 631; x_wconf 90' lang='lat' dir='ltr'>et</span> <span class='ocrx_word' id='word_1_9' title='bbox 2324 564 2609 631; x_wconf 90' lang='lat' dir='ltr'>dominus</span> <span class='ocrx_word' id='word_1_10' title='bbox 2669 564 2957 631; x_wconf 89' lang='lat' dir='ltr'>dominus</span> <span class='ocrx_word' id='word_1_11' title='bbox 3005 566 3198 630; x_wconf 87' lang='lat' dir='ltr'>Ame-</span> 
     </span>
     <span class='ocr_line' id='line_1_3' title="bbox 473 648 3199 735; baseline 0.002 -24"><span class='ocrx_word' id='word_1_12' title='bbox 473 648 625 712; x_wconf 88' lang='lat' dir='ltr'>deus</span> <span class='ocrx_word' id='word_1_13' title='bbox 670 667 875 713; x_wconf 90' lang='lat' dir='ltr'>comes</span> <span class='ocrx_word' id='word_1_14' title='bbox 924 649 1229 715; x_wconf 88' lang='lat' dir='ltr'>Sabaudie</span> <span class='ocrx_word' id='word_1_15' title='bbox 1280 656 1393 715; x_wconf 88' lang='lat' dir='ltr'>etc.</span> <span class='ocrx_word' id='word_1_16' title='bbox 1444 654 1737 735; x_wconf 86' lang='lat' dir='ltr'>tanquam</span> <span class='ocrx_word' id='word_1_17' title='bbox 1782 671 1965 716; x_wconf 80' lang='lat' dir='ltr'>verus</span> <span class='ocrx_word' id='word_1_18' title='bbox 2011 654 2173 733; x_wconf 84' lang='lat' dir='ltr'>pacis</span> <span class='ocrx_word' id='word_1_19' title='bbox 2223 656 2540 735; x_wconf 89' lang='lat' dir='ltr'>promotor</span> <span class='ocrx_word' id='word_1_20' title='bbox 2605 657 2667 717; x_wconf 85' lang='lat' dir='ltr'>et</span> <span class='ocrx_word' id='word_1_21' title='bbox 2736 654 2970 719; x_wconf 88' lang='lat' dir='ltr'>sincere</span> <span class='ocrx_word' id='word_1_22' title='bbox 3035 654 3199 718; x_wconf 89' lang='lat' dir='ltr'>chri-</span> 
     </span>
     <span class='ocr_line' id='line_1_4' title="bbox 464 736 3198 815; baseline 0.002 -15"><span class='ocrx_word' id='word_1_23' title='bbox 464 736 804 800; x_wconf 86' lang='lat' dir='ltr'>stianitatis</span> <span class='ocrx_word' id='word_1_24' title='bbox 851 739 1066 815; x_wconf 87' lang='lat' dir='ltr'>atleta,</span> <span class='ocrx_word' id='word_1_25' title='bbox 1117 740 1174 801; x_wconf 88' lang='lat' dir='ltr'>iu</span> <span class='ocrx_word' id='word_1_26' title='bbox 1206 739 1452 803; x_wconf 89' lang='lat' dir='ltr'>archivo</span> <span class='ocrx_word' id='word_1_27' title='bbox 1500 759 1606 803; x_wconf 89' lang='lat' dir='ltr'>sue</span> <span class='ocrx_word' id='word_1_28' title='bbox 1637 739 2144 805; x_wconf 79' lang='lat' dir='ltr'>considerationis</span> <span class='ocrx_word' id='word_1_29' title='bbox 2191 742 2375 805; x_wconf 86' lang='lat' dir='ltr'>solita</span> <span class='ocrx_word' id='word_1_30' title='bbox 2422 740 2824 806; x_wconf 76' lang='lat' dir='ltr'>meditatione</span> <span class='ocrx_word' id='word_1_31' title='bbox 2880 742 3198 806; x_wconf 88' lang='lat' dir='ltr'>revolvens</span> 
     </span>
     <span class='ocr_line' id='line_1_5' title="bbox 464 824 3200 912; baseline 0.002 -25"><span class='ocrx_word' id='word_1_32' title='bbox 464 824 623 887; x_wconf 87' lang='lat' dir='ltr'>bona</span> <span class='ocrx_word' id='word_1_33' title='bbox 672 825 934 907; x_wconf 89' lang='lat' dir='ltr'>singula,</span> <span class='ocrx_word' id='word_1_34' title='bbox 987 846 1102 910; x_wconf 92' lang='lat' dir='ltr'>qne</span> <span class='ocrx_word' id='word_1_35' title='bbox 1152 826 1354 890; x_wconf 88' lang='lat' dir='ltr'>fructu</span> <span class='ocrx_word' id='word_1_36' title='bbox 1402 829 1571 909; x_wconf 82' lang='lat' dir='ltr'>pacis</span> <span class='ocrx_word' id='word_1_37' title='bbox 1621 829 1893 893; x_wconf 88' lang='lat' dir='ltr'>eminent</span> <span class='ocrx_word' id='word_1_38' title='bbox 1924 830 2313 911; x_wconf 88' lang='lat' dir='ltr'>proventura,</span> <span class='ocrx_word' id='word_1_39' title='bbox 2363 847 2553 912; x_wconf 88' lang='lat' dir='ltr'>quam</span> <span class='ocrx_word' id='word_1_40' title='bbox 2587 831 2816 893; x_wconf 91' lang='lat' dir='ltr'>bonum</span> <span class='ocrx_word' id='word_1_41' title='bbox 2850 830 2934 892; x_wconf 90' lang='lat' dir='ltr'>sit</span> <span class='ocrx_word' id='word_1_42' title='bbox 2981 848 3200 912; x_wconf 88' lang='lat' dir='ltr'>quam-</span> 
     </span>
     <span class='ocr_line' id='line_1_6' title="bbox 464 912 3200 998; baseline 0.002 -24"><span class='ocrx_word' id='word_1_43' title='bbox 464 932 580 994; x_wconf 85' lang='lat' dir='ltr'>que</span> <span class='ocrx_word' id='word_1_44' title='bbox 628 913 960 977; x_wconf 87' lang='lat' dir='ltr'>iucundum</span> <span class='ocrx_word' id='word_1_45' title='bbox 1012 912 1296 978; x_wconf 86' lang='lat' dir='ltr'>habitare</span> <span class='ocrx_word' id='word_1_46' title='bbox 1337 915 1556 979; x_wconf 84' lang='lat' dir='ltr'>fratres</span> <span class='ocrx_word' id='word_1_47' title='bbox 1606 916 1665 978; x_wconf 92' lang='lat' dir='ltr'>in</span> <span class='ocrx_word' id='word_1_48' title='bbox 1711 934 1924 992; x_wconf 88' lang='lat' dir='ltr'>unum,</span> <span class='ocrx_word' id='word_1_49' title='bbox 1974 934 2281 998; x_wconf 88' lang='lat' dir='ltr'>quamque</span> <span class='ocrx_word' id='word_1_50' title='bbox 2329 918 2618 982; x_wconf 88' lang='lat' dir='ltr'>humanis</span> <span class='ocrx_word' id='word_1_51' title='bbox 2667 917 2954 982; x_wconf 86' lang='lat' dir='ltr'>laudibus</span> <span class='ocrx_word' id='word_1_52' title='bbox 3009 917 3200 980; x_wconf 89' lang='lat' dir='ltr'>attol-</span> 
     </span>
     <span class='ocr_line' id='line_1_7' title="bbox 463 999 3202 1105; baseline 0.002 -43"><span class='ocrx_word' id='word_1_53' title='bbox 463 999 734 1076; x_wconf 90' lang='lat' dir='ltr'>lendum,</span> <span class='ocrx_word' id='word_1_54' title='bbox 778 1001 1135 1066; x_wconf 90' lang='lat' dir='ltr'>desiderans</span> <span class='ocrx_word' id='word_1_55' title='bbox 1190 1002 1351 1065; x_wconf 90' lang='lat' dir='ltr'>idem</span> <span class='ocrx_word' id='word_1_56' title='bbox 1387 1002 1517 1085; x_wconf 90' lang='lat' dir='ltr'>ipse</span> <span class='ocrx_word' id='word_1_57' title='bbox 1551 1002 2447 1085; x_wconf 78' lang='lat' dir='ltr'>princeps&#39;christianissimus,</span> <span class='ocrx_word' id='word_1_58' title='bbox 2499 1008 2794 1105; x_wconf 79' lang='lat' dir='ltr'>tanquam</span> <span class='ocrx_word' id='word_1_59' title='bbox 2838 1004 3068 1070; x_wconf 79' lang='lat' dir='ltr'>zelator</span> <span class='ocrx_word' id='word_1_60' title='bbox 3112 1004 3202 1068; x_wconf 87' lang='lat' dir='ltr'>fe-</span> 
     </span>
     <span class='ocr_line' id='line_1_8' title="bbox 463 1088 3205 1173; baseline 0.001 -22"><span class='ocrx_word' id='word_1_61' title='bbox 463 1089 624 1152; x_wconf 89' lang='lat' dir='ltr'>deris</span> <span class='ocrx_word' id='word_1_62' title='bbox 672 1090 736 1152; x_wconf 87' lang='lat' dir='ltr'>et</span> <span class='ocrx_word' id='word_1_63' title='bbox 781 1088 1060 1153; x_wconf 83' lang='lat' dir='ltr'>solicitus</span> <span class='ocrx_word' id='word_1_64' title='bbox 1109 1089 1478 1166; x_wconf 83' lang='lat' dir='ltr'>irrenarcha,</span> <span class='ocrx_word' id='word_1_65' title='bbox 1527 1090 1763 1155; x_wconf 87' lang='lat' dir='ltr'>furores</span> <span class='ocrx_word' id='word_1_66' title='bbox 1826 1092 2100 1173; x_wconf 90' lang='lat' dir='ltr'>partium</span> <span class='ocrx_word' id='word_1_67' title='bbox 2164 1092 2450 1169; x_wconf 90' lang='lat' dir='ltr'>mulcere,</span> <span class='ocrx_word' id='word_1_68' title='bbox 2501 1091 2626 1156; x_wconf 88' lang='lat' dir='ltr'>iras</span> <span class='ocrx_word' id='word_1_69' title='bbox 2689 1110 3074 1173; x_wconf 83' lang='lat' dir='ltr'>compescere</span> <span class='ocrx_word' id='word_1_70' title='bbox 3139 1092 3205 1157; x_wconf 86' lang='lat' dir='ltr'>et</span> 
     </span>
     <span class='ocr_line' id='line_1_9' title="bbox 463 1177 3199 1263; baseline 0.001 -24"><span class='ocrx_word' id='word_1_71' title='bbox 463 1193 747 1240; x_wconf 87' lang='lat' dir='ltr'>rancores</span> <span class='ocrx_word' id='word_1_72' title='bbox 794 1177 1098 1258; x_wconf 76' lang='lat' dir='ltr'>expellere</span> <span class='ocrx_word' id='word_1_73' title='bbox 1145 1196 1180 1242; x_wconf 93' lang='lat' dir='ltr'>a</span> <span class='ocrx_word' id='word_1_74' title='bbox 1227 1178 1516 1243; x_wconf 86' lang='lat' dir='ltr'>cordibus</span> <span class='ocrx_word' id='word_1_75' title='bbox 1579 1178 1937 1243; x_wconf 86' lang='lat' dir='ltr'>earumdem</span> <span class='ocrx_word' id='word_1_76' title='bbox 2000 1198 2273 1244; x_wconf 85' lang='lat' dir='ltr'>carceres</span> <span class='ocrx_word' id='word_1_77' title='bbox 2321 1179 2559 1263; x_wconf 90' lang='lat' dir='ltr'>aperire</span> <span class='ocrx_word' id='word_1_78' title='bbox 2619 1181 2684 1244; x_wconf 80' lang='lat' dir='ltr'>et</span> <span class='ocrx_word' id='word_1_79' title='bbox 2743 1184 3199 1245; x_wconf 87' lang='lat' dir='ltr'>carceratorum</span> 
     </span>
     <span class='ocr_line' id='line_1_10' title="bbox 463 1262 3202 1350; baseline 0.001 -24"><span class='ocrx_word' id='word_1_80' title='bbox 463 1262 783 1328; x_wconf 81' lang='lat' dir='ltr'>dissolutis</span> <span class='ocrx_word' id='word_1_81' title='bbox 835 1264 1094 1331; x_wconf 89' lang='lat' dir='ltr'>vinculis</span> <span class='ocrx_word' id='word_1_82' title='bbox 1157 1285 1411 1348; x_wconf 86' lang='lat' dir='ltr'>querere</span> <span class='ocrx_word' id='word_1_83' title='bbox 1473 1266 1906 1331; x_wconf 87' lang='lat' dir='ltr'>liberationem</span> <span class='ocrx_word' id='word_1_84' title='bbox 1969 1268 2261 1349; x_wconf 90' lang='lat' dir='ltr'>petitam,</span> <span class='ocrx_word' id='word_1_85' title='bbox 2327 1269 2416 1333; x_wconf 88' lang='lat' dir='ltr'>ita</span> <span class='ocrx_word' id='word_1_86' title='bbox 2475 1267 2634 1350; x_wconf 91' lang='lat' dir='ltr'>quod</span> <span class='ocrx_word' id='word_1_87' title='bbox 2696 1268 2862 1331; x_wconf 89' lang='lat' dir='ltr'>omni</span> <span class='ocrx_word' id='word_1_88' title='bbox 2928 1267 3202 1332; x_wconf 88' lang='lat' dir='ltr'>rancoris</span> 
     </span>
     <span class='ocr_line' id='line_1_11' title="bbox 463 1352 3203 1437; baseline 0.001 -22"><span class='ocrx_word' id='word_1_89' title='bbox 463 1352 714 1432; x_wconf 90' lang='lat' dir='ltr'>expulsa</span> <span class='ocrx_word' id='word_1_90' title='bbox 759 1353 1046 1436; x_wconf 87' lang='lat' dir='ltr'>caligine,</span> <span class='ocrx_word' id='word_1_91' title='bbox 1095 1353 1257 1435; x_wconf 90' lang='lat' dir='ltr'>quod</span> <span class='ocrx_word' id='word_1_92' title='bbox 1307 1353 1615 1418; x_wconf 82' lang='lat' dir='ltr'>bellorum</span> <span class='ocrx_word' id='word_1_93' title='bbox 1664 1354 1986 1418; x_wconf 87' lang='lat' dir='ltr'>calamitas</span> <span class='ocrx_word' id='word_1_94' title='bbox 2034 1354 2396 1432; x_wconf 83' lang='lat' dir='ltr'>introduxit</span> <span class='ocrx_word' id='word_1_95' title='bbox 2446 1355 2562 1420; x_wconf 89' lang='lat' dir='ltr'>hoc</span> <span class='ocrx_word' id='word_1_96' title='bbox 2609 1355 2775 1437; x_wconf 89' lang='lat' dir='ltr'>pacis</span> <span class='ocrx_word' id='word_1_97' title='bbox 2810 1354 3039 1420; x_wconf 89' lang='lat' dir='ltr'>lenitas</span> <span class='ocrx_word' id='word_1_98' title='bbox 3104 1373 3203 1419; x_wconf 90' lang='lat' dir='ltr'>so-</span> 
     </span>
    </p>
   </div>
   <div class='ocr_carea' id='block_1_3' title="bbox 355 1438 3206 1526">
    <p class='ocr_par' dir='ltr' id='par_1_3' title="bbox 355 1438 3206 1526">
     <span class='ocr_line' id='line_1_12' title="bbox 355 1438 3206 1526; baseline 0.001 -24"><span class='ocrx_word' id='word_1_99' title='bbox 355 1459 368 1472; x_wconf 89' lang='lat'><strong>·</strong></span> <span class='ocrx_word' id='word_1_100' title='bbox 464 1438 645 1522; x_wconf 88' lang='lat' dir='ltr'>piret.</span> <span class='ocrx_word' id='word_1_101' title='bbox 690 1439 852 1503; x_wconf 90' lang='lat' dir='ltr'>Hinc</span> <span class='ocrx_word' id='word_1_102' title='bbox 899 1442 1014 1514; x_wconf 88' lang='lat' dir='ltr'>est,</span> <span class='ocrx_word' id='word_1_103' title='bbox 1065 1443 1220 1523; x_wconf 92' lang='lat' dir='ltr'>quod</span> <span class='ocrx_word' id='word_1_104' title='bbox 1263 1444 1340 1506; x_wconf 91' lang='lat' dir='ltr'>ad</span> <span class='ocrx_word' id='word_1_105' title='bbox 1390 1441 1633 1506; x_wconf 89' lang='lat' dir='ltr'>fidelem</span> <span class='ocrx_word' id='word_1_106' title='bbox 1683 1444 2024 1507; x_wconf 86' lang='lat' dir='ltr'>tractatum</span> <span class='ocrx_word' id='word_1_107' title='bbox 2076 1444 2585 1526; x_wconf 81' lang='lat' dir='ltr'>procurationem,</span> <span class='ocrx_word' id='word_1_108' title='bbox 2636 1443 3087 1525; x_wconf 89' lang='lat' dir='ltr'>promotionem</span> <span class='ocrx_word' id='word_1_109' title='bbox 3141 1444 3206 1507; x_wconf 84' lang='lat' dir='ltr'>et</span> 
     </span>
    </p>
   </div>
   <div class='ocr_carea' id='block_1_4' title="bbox 2445 1529 2830 1544">
    <p class='ocr_par' dir='ltr' id='par_1_4' title="bbox 2445 1529 2830 1544">
     <span class='ocr_line' id='line_1_13' title="bbox 2445 1529 2830 1544; baseline -0.008 0"><span class='ocrx_word' id='word_1_110' title='bbox 2445 1529 2830 1544; x_wconf 67' lang='grc'><strong>00000</strong></span> 
     </span>
    </p>
   </div>
   <div class='ocr_carea' id='block_1_5' title="bbox 465 1526 3205 2227">
    <p class='ocr_par' dir='ltr' id='par_1_5' title="bbox 465 1526 3205 2227">
     <span class='ocr_line' id='line_1_14' title="bbox 465 1526 3203 1612; baseline 0.002 -24"><span class='ocrx_word' id='word_1_111' title='bbox 465 1526 969 1592; x_wconf 88' lang='lat' dir='ltr'>deliberationem</span> <span class='ocrx_word' id='word_1_112' title='bbox 1043 1527 1281 1593; x_wconf 83' lang='lat' dir='ltr'>felicem</span> <span class='ocrx_word' id='word_1_113' title='bbox 1354 1530 1627 1594; x_wconf 89' lang='lat' dir='ltr'>eiusdem</span> <span class='ocrx_word' id='word_1_114' title='bbox 1691 1529 2136 1611; x_wconf 89' lang='lat' dir='ltr'>preclarissimi</span> <span class='ocrx_word' id='word_1_115' title='bbox 2204 1536 2267 1595; x_wconf 85' lang='lat' dir='ltr'>et</span> <span class='ocrx_word' id='word_1_116' title='bbox 2330 1532 2833 1595; x_wconf 75' lang='lat' dir='ltr'>christianissimi</span> <span class='ocrx_word' id='word_1_117' title='bbox 2904 1531 3203 1612; x_wconf 90' lang='lat' dir='ltr'>principis</span> 
     </span>
     <span class='ocr_line' id='line_1_15' title="bbox 472 1614 3204 1700; baseline 0.002 -23"><span class='ocrx_word' id='word_1_118' title='bbox 472 1616 535 1677; x_wconf 88' lang='lat' dir='ltr'>et</span> <span class='ocrx_word' id='word_1_119' title='bbox 582 1614 812 1680; x_wconf 91' lang='lat' dir='ltr'>domini</span> <span class='ocrx_word' id='word_1_120' title='bbox 886 1617 1115 1680; x_wconf 88' lang='lat' dir='ltr'>domini</span> <span class='ocrx_word' id='word_1_121' title='bbox 1166 1616 1424 1681; x_wconf 89' lang='lat' dir='ltr'>Amedei</span> <span class='ocrx_word' id='word_1_122' title='bbox 1493 1617 1797 1682; x_wconf 90' lang='lat' dir='ltr'>Sabaudie</span> <span class='ocrx_word' id='word_1_123' title='bbox 1861 1618 2107 1682; x_wconf 85' lang='lat' dir='ltr'>comitis</span> <span class='ocrx_word' id='word_1_124' title='bbox 2171 1620 2497 1683; x_wconf 87' lang='lat' dir='ltr'>memorati</span> <span class='ocrx_word' id='word_1_125' title='bbox 2562 1618 2708 1699; x_wconf 90' lang='lat' dir='ltr'>ipsis</span> <span class='ocrx_word' id='word_1_126' title='bbox 2776 1618 3058 1700; x_wconf 89' lang='lat' dir='ltr'>partibus</span> <span class='ocrx_word' id='word_1_127' title='bbox 3130 1619 3204 1682; x_wconf 89' lang='lat' dir='ltr'>de</span> 
     </span>
     <span class='ocr_line' id='line_1_16' title="bbox 469 1704 3204 1788; baseline 0.002 -24"><span class='ocrx_word' id='word_1_128' title='bbox 469 1704 723 1767; x_wconf 90' lang='lat' dir='ltr'>remotis</span> <span class='ocrx_word' id='word_1_129' title='bbox 770 1704 1125 1786; x_wconf 87' lang='lat' dir='ltr'>regionibus</span> <span class='ocrx_word' id='word_1_130' title='bbox 1174 1704 1248 1768; x_wconf 89' lang='lat' dir='ltr'>ad</span> <span class='ocrx_word' id='word_1_131' title='bbox 1297 1704 1491 1788; x_wconf 90' lang='lat' dir='ltr'>ipsius</span> <span class='ocrx_word' id='word_1_132' title='bbox 1540 1706 1772 1769; x_wconf 87' lang='lat' dir='ltr'>domiui</span> <span class='ocrx_word' id='word_1_133' title='bbox 1818 1705 2064 1771; x_wconf 85' lang='lat' dir='ltr'>comitis</span> <span class='ocrx_word' id='word_1_134' title='bbox 2111 1706 2487 1788; x_wconf 87' lang='lat' dir='ltr'>presentiam</span> <span class='ocrx_word' id='word_1_135' title='bbox 2532 1723 2651 1769; x_wconf 92' lang='lat' dir='ltr'>non</span> <span class='ocrx_word' id='word_1_136' title='bbox 2698 1706 2827 1769; x_wconf 91' lang='lat' dir='ltr'>sine</span> <span class='ocrx_word' id='word_1_137' title='bbox 2862 1705 3049 1769; x_wconf 87' lang='lat' dir='ltr'>variis</span> <span class='ocrx_word' id='word_1_138' title='bbox 3099 1724 3204 1769; x_wconf 86' lang='lat' dir='ltr'>su-</span> 
     </span>
     <span class='ocr_line' id='line_1_17' title="bbox 467 1789 3198 1876; baseline 0.002 -24"><span class='ocrx_word' id='word_1_139' title='bbox 467 1789 715 1855; x_wconf 87' lang='lat' dir='ltr'>doribus</span> <span class='ocrx_word' id='word_1_140' title='bbox 780 1794 843 1866; x_wconf 78' lang='lat' dir='ltr'>et</span> <span class='ocrx_word' id='word_1_141' title='bbox 910 1793 1188 1874; x_wconf 83' lang='lat' dir='ltr'>expensis</span> <span class='ocrx_word' id='word_1_142' title='bbox 1246 1799 1570 1875; x_wconf 81' lang='lat' dir='ltr'>propterea</span> <span class='ocrx_word' id='word_1_143' title='bbox 1632 1792 2003 1869; x_wconf 80' lang='lat' dir='ltr'>convocatiS,</span> <span class='ocrx_word' id='word_1_144' title='bbox 2068 1792 2218 1858; x_wconf 86' lang='lat' dir='ltr'>visis</span> <span class='ocrx_word' id='word_1_145' title='bbox 2275 1792 2467 1859; x_wconf 89' lang='lat' dir='ltr'>etiam</span> <span class='ocrx_word' id='word_1_146' title='bbox 2515 1794 2580 1859; x_wconf 81' lang='lat' dir='ltr'>et</span> <span class='ocrx_word' id='word_1_147' title='bbox 2622 1792 2823 1858; x_wconf 82' lang='lat' dir='ltr'>studio</span> <span class='ocrx_word' id='word_1_148' title='bbox 2872 1791 3198 1876; x_wconf 85' lang='lat' dir='ltr'>frequenti,</span> 
     </span>
     <span class='ocr_line' id='line_1_18' title="bbox 466 1879 3202 1964; baseline 0 -21"><span class='ocrx_word' id='word_1_149' title='bbox 466 1879 712 1943; x_wconf 83' lang='lat' dir='ltr'>matura</span> <span class='ocrx_word' id='word_1_150' title='bbox 759 1879 1201 1943; x_wconf 81' lang='lat' dir='ltr'>deliberatione</span> <span class='ocrx_word' id='word_1_151' title='bbox 1248 1882 1522 1963; x_wconf 84' lang='lat' dir='ltr'>pensatis</span> <span class='ocrx_word' id='word_1_152' title='bbox 1569 1898 1642 1945; x_wconf 89' lang='lat' dir='ltr'>ac</span> <span class='ocrx_word' id='word_1_153' title='bbox 1684 1881 2052 1945; x_wconf 85' lang='lat' dir='ltr'>examinatis</span> <span class='ocrx_word' id='word_1_154' title='bbox 2099 1881 2350 1962; x_wconf 88' lang='lat' dir='ltr'>proinde</span> <span class='ocrx_word' id='word_1_155' title='bbox 2398 1880 2823 1964; x_wconf 77' lang='lat' dir='ltr'>petitionibuS,</span> <span class='ocrx_word' id='word_1_156' title='bbox 2882 1880 3202 1944; x_wconf 89' lang='lat' dir='ltr'>demandis</span> 
     </span>
     <span class='ocr_line' id='line_1_19' title="bbox 466 1965 3203 2051; baseline 0.001 -22"><span class='ocrx_word' id='word_1_157' title='bbox 466 1969 529 2029; x_wconf 90' lang='lat' dir='ltr'>et</span> <span class='ocrx_word' id='word_1_158' title='bbox 577 1966 839 2050; x_wconf 86' lang='lat' dir='ltr'>singulis</span> <span class='ocrx_word' id='word_1_159' title='bbox 886 1967 1311 2051; x_wconf 84' lang='lat' dir='ltr'>questionibus</span> <span class='ocrx_word' id='word_1_160' title='bbox 1356 1973 1417 2032; x_wconf 89' lang='lat' dir='ltr'>et</span> <span class='ocrx_word' id='word_1_161' title='bbox 1464 1968 1731 2050; x_wconf 88' lang='lat' dir='ltr'>querelis</span> <span class='ocrx_word' id='word_1_162' title='bbox 1779 1988 1852 2034; x_wconf 92' lang='lat' dir='ltr'>ac</span> <span class='ocrx_word' id='word_1_163' title='bbox 1884 1970 2072 2034; x_wconf 86' lang='lat' dir='ltr'>etiam</span> <span class='ocrx_word' id='word_1_164' title='bbox 2106 1969 2606 2051; x_wconf 89' lang='lat' dir='ltr'>responsionibus</span> <span class='ocrx_word' id='word_1_165' title='bbox 2640 1972 2704 2033; x_wconf 89' lang='lat' dir='ltr'>et</span> <span class='ocrx_word' id='word_1_166' title='bbox 2743 1965 3203 2050; x_wconf 89' lang='lat' dir='ltr'>exceptionibus</span> 
     </span>
     <span class='ocr_line' id='line_1_20' title="bbox 469 2053 3205 2139; baseline 0.001 -23"><span class='ocrx_word' id='word_1_167' title='bbox 469 2053 648 2118; x_wconf 88' lang='lat' dir='ltr'>factis</span> <span class='ocrx_word' id='word_1_168' title='bbox 696 2055 1012 2120; x_wconf 90' lang='lat' dir='ltr'>subtiliter</span> <span class='ocrx_word' id='word_1_169' title='bbox 1062 2055 1203 2120; x_wconf 92' lang='lat' dir='ltr'>hinc</span> <span class='ocrx_word' id='word_1_170' title='bbox 1249 2059 1314 2120; x_wconf 90' lang='lat' dir='ltr'>et</span> <span class='ocrx_word' id='word_1_171' title='bbox 1358 2056 1516 2133; x_wconf 91' lang='lat' dir='ltr'>inde,</span> <span class='ocrx_word' id='word_1_172' title='bbox 1560 2057 1690 2139; x_wconf 90' lang='lat' dir='ltr'>ipse</span> <span class='ocrx_word' id='word_1_173' title='bbox 1741 2058 1969 2139; x_wconf 77' lang='lat' dir='ltr'>parteS‚</span> <span class='ocrx_word' id='word_1_174' title='bbox 2022 2056 2307 2122; x_wconf 87' lang='lat' dir='ltr'>videlicet</span> <span class='ocrx_word' id='word_1_175' title='bbox 2353 2056 2670 2122; x_wconf 87' lang='lat' dir='ltr'>reverendi</span> <span class='ocrx_word' id='word_1_176' title='bbox 2708 2057 2773 2121; x_wconf 90' lang='lat' dir='ltr'>in</span> <span class='ocrx_word' id='word_1_177' title='bbox 2820 2057 3054 2121; x_wconf 81' lang='lat' dir='ltr'>christo</span> <span class='ocrx_word' id='word_1_178' title='bbox 3098 2073 3205 2137; x_wconf 89' lang='lat' dir='ltr'>pa-</span> 
     </span>
     <span class='ocr_line' id='line_1_21' title="bbox 468 2142 3204 2227; baseline 0.001 -23"><span class='ocrx_word' id='word_1_179' title='bbox 468 2145 594 2205; x_wconf 92' lang='lat' dir='ltr'>tres</span> <span class='ocrx_word' id='word_1_180' title='bbox 644 2146 707 2204; x_wconf 92' lang='lat' dir='ltr'>et</span> <span class='ocrx_word' id='word_1_181' title='bbox 754 2142 1009 2222; x_wconf 86' lang='lat' dir='ltr'>domini,</span> <span class='ocrx_word' id='word_1_182' title='bbox 1060 2145 1343 2209; x_wconf 87' lang='lat' dir='ltr'>dominns</span> <span class='ocrx_word' id='word_1_183' title='bbox 1393 2143 1760 2209; x_wconf 88' lang='lat' dir='ltr'>Valentinus</span> <span class='ocrx_word' id='word_1_184' title='bbox 1819 2144 2488 2227; x_wconf 81' lang='lat' dir='ltr'>Quinqueecclesiensis</span> <span class='ocrx_word' id='word_1_185' title='bbox 2543 2144 2927 2210; x_wconf 88' lang='lat' dir='ltr'>decretorum</span> <span class='ocrx_word' id='word_1_186' title='bbox 2989 2142 3204 2208; x_wconf 88' lang='lat' dir='ltr'>doctor</span> 
     </span>
    </p>
   </div>
   <div class='ocr_carea' id='block_1_6' title="bbox 372 2229 3207 2315">
    <p class='ocr_par' dir='ltr' id='par_1_6' title="bbox 372 2229 3207 2315">
     <span class='ocr_line' id='line_1_22' title="bbox 372 2229 3207 2315; baseline 0.001 -23"><span class='ocrx_word' id='word_1_187' title='bbox 372 2232 376 2235; x_wconf 76' lang='grc'>’</span> <span class='ocrx_word' id='word_1_188' title='bbox 465 2231 529 2293; x_wconf 87' lang='lat' dir='ltr'>et</span> <span class='ocrx_word' id='word_1_189' title='bbox 569 2229 857 2295; x_wconf 90' lang='lat' dir='ltr'>dominns</span> <span class='ocrx_word' id='word_1_190' title='bbox 908 2232 1140 2296; x_wconf 85' lang='lat' dir='ltr'>Paulus</span> <span class='ocrx_word' id='word_1_191' title='bbox 1188 2232 1639 2314; x_wconf 85' lang='lat' dir='ltr'>Zagrabiensis‚</span> <span class='ocrx_word' id='word_1_192' title='bbox 1691 2231 1982 2315; x_wconf 87' lang='lat' dir='ltr'>episcopi,</span> <span class='ocrx_word' id='word_1_193' title='bbox 2031 2238 2475 2314; x_wconf 85' lang='lat' dir='ltr'>procuratores,</span> <span class='ocrx_word' id='word_1_194' title='bbox 2551 2234 2810 2308; x_wconf 74' lang='lat' dir='ltr'>actoreS,</span> <span class='ocrx_word' id='word_1_195' title='bbox 2870 2229 3071 2296; x_wconf 89' lang='lat' dir='ltr'>nuntii</span> <span class='ocrx_word' id='word_1_196' title='bbox 3142 2233 3207 2296; x_wconf 90' lang='lat' dir='ltr'>et</span> 
     </span>
    </p>
   </div>
   <div class='ocr_carea' id='block_1_7' title="bbox 397 2316 3213 4855">
    <p class='ocr_par' dir='ltr' id='par_1_7' title="bbox 397 2316 3213 4855">
     <span class='ocr_line' id='line_1_23' title="bbox 466 2316 3205 2403; baseline 0 -22"><span class='ocrx_word' id='word_1_197' title='bbox 466 2316 658 2400; x_wconf 87' lang='lat' dir='ltr'>legati</span> <span class='ocrx_word' id='word_1_198' title='bbox 707 2319 1089 2384; x_wconf 88' lang='lat' dir='ltr'>serenissimi</span> <span class='ocrx_word' id='word_1_199' title='bbox 1138 2324 1201 2383; x_wconf 90' lang='lat' dir='ltr'>et</span> <span class='ocrx_word' id='word_1_200' title='bbox 1251 2319 1604 2383; x_wconf 85' lang='lat' dir='ltr'>invitissimi</span> <span class='ocrx_word' id='word_1_201' title='bbox 1677 2320 1977 2403; x_wconf 90' lang='lat' dir='ltr'>principis</span> <span class='ocrx_word' id='word_1_202' title='bbox 2046 2323 2112 2385; x_wconf 90' lang='lat' dir='ltr'>et</span> <span class='ocrx_word' id='word_1_203' title='bbox 2179 2319 2411 2385; x_wconf 91' lang='lat' dir='ltr'>domini</span> <span class='ocrx_word' id='word_1_204' title='bbox 2458 2319 2687 2384; x_wconf 91' lang='lat' dir='ltr'>domini</span> <span class='ocrx_word' id='word_1_205' title='bbox 2737 2319 3054 2395; x_wconf 87' lang='lat' dir='ltr'>Ludovici,</span> <span class='ocrx_word' id='word_1_206' title='bbox 3104 2317 3205 2383; x_wconf 89' lang='lat' dir='ltr'>dei</span> 
     </span>
     <span class='ocr_line' id='line_1_24' title="bbox 472 2406 3208 2492; baseline 0.001 -24"><span class='ocrx_word' id='word_1_207' title='bbox 472 2406 677 2488; x_wconf 88' lang='lat' dir='ltr'>gratia</span> <span class='ocrx_word' id='word_1_208' title='bbox 721 2407 1012 2492; x_wconf 85' lang='lat' dir='ltr'>Ungarie,</span> <span class='ocrx_word' id='word_1_209' title='bbox 1065 2409 1331 2483; x_wconf 84' lang='lat' dir='ltr'>Polonie,</span> <span class='ocrx_word' id='word_1_210' title='bbox 1385 2406 1718 2486; x_wconf 83' lang='lat' dir='ltr'>Dalmatie‚</span> <span class='ocrx_word' id='word_1_211' title='bbox 1793 2407 2064 2485; x_wconf 86' lang='lat' dir='ltr'>Croacie,</span> <span class='ocrx_word' id='word_1_212' title='bbox 2110 2408 2326 2485; x_wconf 89' lang='lat' dir='ltr'>Rame,</span> <span class='ocrx_word' id='word_1_213' title='bbox 2390 2406 2619 2483; x_wconf 88' lang='lat' dir='ltr'>Servie,</span> <span class='ocrx_word' id='word_1_214' title='bbox 2688 2406 2945 2484; x_wconf 83' lang='lat' dir='ltr'>Galicie,</span> <span class='ocrx_word' id='word_1_215' title='bbox 3010 2407 3208 2472; x_wconf 90' lang='lat' dir='ltr'>Lodo-</span> 
     </span>
     <span class='ocr_line' id='line_1_25' title="bbox 467 2493 3206 2578; baseline 0.001 -22"><span class='ocrx_word' id='word_1_216' title='bbox 467 2494 674 2570; x_wconf 89' lang='lat' dir='ltr'>merie,</span> <span class='ocrx_word' id='word_1_217' title='bbox 720 2494 1032 2578; x_wconf 72' lang='lat' dir='ltr'>Burgarie,</span> <span class='ocrx_word' id='word_1_218' title='bbox 1085 2496 1500 2577; x_wconf 89' lang='lat' dir='ltr'>Comanieque</span> <span class='ocrx_word' id='word_1_219' title='bbox 1547 2497 1732 2578; x_wconf 82' lang='lat' dir='ltr'>regis,</span> <span class='ocrx_word' id='word_1_220' title='bbox 1780 2495 2075 2578; x_wconf 88' lang='lat' dir='ltr'>principis</span> <span class='ocrx_word' id='word_1_221' title='bbox 2125 2495 2496 2561; x_wconf 88' lang='lat' dir='ltr'>Salernitani</span> <span class='ocrx_word' id='word_1_222' title='bbox 2546 2498 2609 2559; x_wconf 88' lang='lat' dir='ltr'>et</span> <span class='ocrx_word' id='word_1_223' title='bbox 2658 2493 2923 2560; x_wconf 92' lang='lat' dir='ltr'>Honoris</span> <span class='ocrx_word' id='word_1_224' title='bbox 2974 2494 3206 2558; x_wconf 90' lang='lat' dir='ltr'>montis</span> 
     </span>
     <span class='ocr_line' id='line_1_26' title="bbox 465 2580 3205 2668; baseline 0.001 -24"><span class='ocrx_word' id='word_1_225' title='bbox 465 2581 665 2647; x_wconf 85' lang='lat' dir='ltr'>sancti</span> <span class='ocrx_word' id='word_1_226' title='bbox 706 2580 932 2668; x_wconf 90' lang='lat' dir='ltr'>Angeli</span> <span class='ocrx_word' id='word_1_227' title='bbox 979 2584 1235 2662; x_wconf 89' lang='lat' dir='ltr'>domini,</span> <span class='ocrx_word' id='word_1_228' title='bbox 1282 2585 1700 2668; x_wconf 89' lang='lat' dir='ltr'>procuratorio</span> <span class='ocrx_word' id='word_1_229' title='bbox 1761 2585 1828 2648; x_wconf 86' lang='lat' dir='ltr'>et</span> <span class='ocrx_word' id='word_1_230' title='bbox 1876 2584 2107 2649; x_wconf 90' lang='lat' dir='ltr'>actorio</span> <span class='ocrx_word' id='word_1_231' title='bbox 2152 2584 2397 2650; x_wconf 82' lang='lat' dir='ltr'>nornine</span> <span class='ocrx_word' id='word_1_232' title='bbox 2460 2583 2680 2667; x_wconf 84' lang='lat' dir='ltr'>prefati</span> <span class='ocrx_word' id='word_1_233' title='bbox 2751 2582 2979 2648; x_wconf 91' lang='lat' dir='ltr'>domini</span> <span class='ocrx_word' id='word_1_234' title='bbox 3041 2581 3205 2666; x_wconf 89' lang='lat' dir='ltr'>regis</span> 
     </span>
     <span class='ocr_line' id='line_1_27' title="bbox 466 2670 3209 2755; baseline 0.001 -23"><span class='ocrx_word' id='word_1_235' title='bbox 466 2670 759 2734; x_wconf 88' lang='lat' dir='ltr'>habentes</span> <span class='ocrx_word' id='word_1_236' title='bbox 806 2673 881 2735; x_wconf 90' lang='lat' dir='ltr'>ad</span> <span class='ocrx_word' id='word_1_237' title='bbox 925 2672 1319 2754; x_wconf 88' lang='lat' dir='ltr'>infrascripta</span> <span class='ocrx_word' id='word_1_238' title='bbox 1367 2673 1619 2755; x_wconf 91' lang='lat' dir='ltr'>plenum</span> <span class='ocrx_word' id='word_1_239' title='bbox 1669 2677 1732 2737; x_wconf 88' lang='lat' dir='ltr'>et</span> <span class='ocrx_word' id='word_1_240' title='bbox 1781 2671 2094 2736; x_wconf 89' lang='lat' dir='ltr'>sufficiens</span> <span class='ocrx_word' id='word_1_241' title='bbox 2145 2672 2529 2750; x_wconf 89' lang='lat' dir='ltr'>mandatum,</span> <span class='ocrx_word' id='word_1_242' title='bbox 2581 2672 2767 2754; x_wconf 81' lang='lat' dir='ltr'>prout</span> <span class='ocrx_word' id='word_1_243' title='bbox 2810 2672 3052 2736; x_wconf 84' lang='lat' dir='ltr'>constat</span> <span class='ocrx_word' id='word_1_244' title='bbox 3095 2691 3209 2752; x_wconf 91' lang='lat' dir='ltr'>pu-</span> 
     </span>
     <span class='ocr_line' id='line_1_28' title="bbox 467 2756 3207 2843; baseline 0 -25"><span class='ocrx_word' id='word_1_245' title='bbox 467 2756 644 2821; x_wconf 89' lang='lat' dir='ltr'>blicis</span> <span class='ocrx_word' id='word_1_246' title='bbox 694 2758 894 2824; x_wconf 86' lang='lat' dir='ltr'>literis</span> <span class='ocrx_word' id='word_1_247' title='bbox 957 2761 1141 2843; x_wconf 90' lang='lat' dir='ltr'>regiis</span> <span class='ocrx_word' id='word_1_248' title='bbox 1213 2778 1434 2843; x_wconf 89' lang='lat' dir='ltr'>magno</span> <span class='ocrx_word' id='word_1_249' title='bbox 1496 2760 1707 2842; x_wconf 88' lang='lat' dir='ltr'>sigillo</span> <span class='ocrx_word' id='word_1_250' title='bbox 1771 2760 2122 2824; x_wconf 87' lang='lat' dir='ltr'>maiestatis</span> <span class='ocrx_word' id='word_1_251' title='bbox 2184 2759 2351 2843; x_wconf 89' lang='lat' dir='ltr'>regie</span> <span class='ocrx_word' id='word_1_252' title='bbox 2413 2759 2708 2842; x_wconf 90' lang='lat' dir='ltr'>sigillatis</span> <span class='ocrx_word' id='word_1_253' title='bbox 2772 2760 2833 2823; x_wconf 92' lang='lat' dir='ltr'>in</span> <span class='ocrx_word' id='word_1_254' title='bbox 2896 2757 3207 2841; x_wconf 86' lang='lat' dir='ltr'>pendenti,</span> 
     </span>
     <span class='ocr_line' id='line_1_29' title="bbox 463 2844 3207 2930; baseline 0.001 -23"><span class='ocrx_word' id='word_1_255' title='bbox 463 2844 628 2909; x_wconf 88' lang='lat' dir='ltr'>datis</span> <span class='ocrx_word' id='word_1_256' title='bbox 673 2846 845 2910; x_wconf 86' lang='lat' dir='ltr'>Bude</span> <span class='ocrx_word' id='word_1_257' title='bbox 892 2848 957 2911; x_wconf 90' lang='lat' dir='ltr'>in</span> <span class='ocrx_word' id='word_1_258' title='bbox 1004 2849 1242 2930; x_wconf 84' lang='lat' dir='ltr'>palacio</span> <span class='ocrx_word' id='word_1_259' title='bbox 1291 2847 1486 2930; x_wconf 91' lang='lat' dir='ltr'>regali</span> <span class='ocrx_word' id='word_1_260' title='bbox 1533 2848 1773 2911; x_wconf 87' lang='lat' dir='ltr'>decima</span> <span class='ocrx_word' id='word_1_261' title='bbox 1821 2849 2012 2912; x_wconf 89' lang='lat' dir='ltr'>tercia</span> <span class='ocrx_word' id='word_1_262' title='bbox 2059 2847 2356 2912; x_wconf 86' lang='lat' dir='ltr'>februarii</span> <span class='ocrx_word' id='word_1_263' title='bbox 2391 2848 2724 2912; x_wconf 89' lang='lat' dir='ltr'>millesimo</span> <span class='ocrx_word' id='word_1_264' title='bbox 2769 2845 3207 2910; x_wconf 81' lang='lat' dir='ltr'>trecentesimo</span> 
     </span>
     <span class='ocr_line' id='line_1_30' title="bbox 466 2933 3208 3019; baseline 0 -24"><span class='ocrx_word' id='word_1_265' title='bbox 466 2935 885 3016; x_wconf 87' lang='lat' dir='ltr'>octuagesimo</span> <span class='ocrx_word' id='word_1_266' title='bbox 936 2937 1156 3018; x_wconf 90' lang='lat' dir='ltr'>primo,</span> <span class='ocrx_word' id='word_1_267' title='bbox 1198 2954 1459 3019; x_wconf 90' lang='lat' dir='ltr'>quarum</span> <span class='ocrx_word' id='word_1_268' title='bbox 1507 2938 1684 3000; x_wconf 89' lang='lat' dir='ltr'>tenor</span> <span class='ocrx_word' id='word_1_269' title='bbox 1730 2934 1985 3000; x_wconf 86' lang='lat' dir='ltr'>inferius</span> <span class='ocrx_word' id='word_1_270' title='bbox 2049 2940 2151 3000; x_wconf 81' lang='lat' dir='ltr'>est</span> <span class='ocrx_word' id='word_1_271' title='bbox 2196 2936 2511 3005; x_wconf 69' lang='lat' dir='ltr'>insertus:</span> <span class='ocrx_word' id='word_1_272' title='bbox 2587 2954 2730 3000; x_wconf 91' lang='lat' dir='ltr'>cum</span> <span class='ocrx_word' id='word_1_273' title='bbox 2800 2933 3026 3016; x_wconf 90' lang='lat' dir='ltr'>quibus</span> <span class='ocrx_word' id='word_1_274' title='bbox 3101 2934 3208 2997; x_wconf 91' lang='lat' dir='ltr'>do-</span> 
     </span>
     <span class='ocr_line' id='line_1_31' title="bbox 467 3019 3207 3105; baseline 0.001 -22"><span class='ocrx_word' id='word_1_275' title='bbox 467 3021 653 3084; x_wconf 88' lang='lat' dir='ltr'>minis</span> <span class='ocrx_word' id='word_1_276' title='bbox 700 3024 1205 3103; x_wconf 85' lang='lat' dir='ltr'>procuratoribus</span> <span class='ocrx_word' id='word_1_277' title='bbox 1253 3023 1442 3105; x_wconf 91' lang='lat' dir='ltr'>regiis</span> <span class='ocrx_word' id='word_1_278' title='bbox 1493 3023 1612 3086; x_wconf 87' lang='lat' dir='ltr'>fuit</span> <span class='ocrx_word' id='word_1_279' title='bbox 1659 3041 1915 3104; x_wconf 84' lang='lat' dir='ltr'>presens</span> <span class='ocrx_word' id='word_1_280' title='bbox 1966 3022 2253 3105; x_wconf 88' lang='lat' dir='ltr'>egregius</span> <span class='ocrx_word' id='word_1_281' title='bbox 2302 3022 2584 3087; x_wconf 87' lang='lat' dir='ltr'>dominus</span> <span class='ocrx_word' id='word_1_282' title='bbox 2633 3020 2946 3086; x_wconf 87' lang='lat' dir='ltr'>Jobannes</span> <span class='ocrx_word' id='word_1_283' title='bbox 2996 3019 3207 3085; x_wconf 87' lang='lat' dir='ltr'>Domi·</span> 
     </span>
     <span class='ocr_line' id='line_1_32' title="bbox 468 3106 3207 3193; baseline 0 -23"><span class='ocrx_word' id='word_1_284' title='bbox 468 3106 589 3170; x_wconf 91' lang='lat' dir='ltr'>nici</span> <span class='ocrx_word' id='word_1_285' title='bbox 632 3109 704 3172; x_wconf 92' lang='lat' dir='ltr'>de</span> <span class='ocrx_word' id='word_1_286' title='bbox 753 3109 1007 3188; x_wconf 90' lang='lat' dir='ltr'>Postoh,</span> <span class='ocrx_word' id='word_1_287' title='bbox 1056 3112 1237 3176; x_wconf 91' lang='lat' dir='ltr'>miles</span> <span class='ocrx_word' id='word_1_288' title='bbox 1285 3111 1422 3175; x_wconf 88' lang='lat' dir='ltr'>aule</span> <span class='ocrx_word' id='word_1_289' title='bbox 1487 3111 1671 3193; x_wconf 86' lang='lat' dir='ltr'>regie,</span> <span class='ocrx_word' id='word_1_290' title='bbox 1739 3111 1844 3193; x_wconf 91' lang='lat' dir='ltr'>qui</span> <span class='ocrx_word' id='word_1_291' title='bbox 1907 3129 2048 3175; x_wconf 90' lang='lat' dir='ltr'>cum</span> <span class='ocrx_word' id='word_1_292' title='bbox 2112 3110 2298 3175; x_wconf 84' lang='lat' dir='ltr'>dictis</span> <span class='ocrx_word' id='word_1_293' title='bbox 2349 3109 2613 3174; x_wconf 89' lang='lat' dir='ltr'>dominis</span> <span class='ocrx_word' id='word_1_294' title='bbox 2680 3108 3207 3173; x_wconf 87' lang='lat' dir='ltr'>ambaxiatoribus</span> 
     </span>
     <span class='ocr_line' id='line_1_33' title="bbox 473 3193 3202 3281; baseline 0.001 -25"><span class='ocrx_word' id='word_1_295' title='bbox 473 3193 676 3258; x_wconf 87' lang='lat' dir='ltr'>fuerat</span> <span class='ocrx_word' id='word_1_296' title='bbox 720 3197 795 3260; x_wconf 88' lang='lat' dir='ltr'>ad</span> <span class='ocrx_word' id='word_1_297' title='bbox 842 3216 931 3273; x_wconf 86' lang='lat' dir='ltr'>ea,</span> <span class='ocrx_word' id='word_1_298' title='bbox 980 3199 1145 3263; x_wconf 88' lang='lat' dir='ltr'>sicut</span> <span class='ocrx_word' id='word_1_299' title='bbox 1167 3202 1579 3274; x_wconf 89' lang='lat' dir='ltr'>asseruerunt,</span> <span class='ocrx_word' id='word_1_300' title='bbox 1614 3219 1721 3281; x_wconf 85' lang='lat' dir='ltr'>per</span> <span class='ocrx_word' id='word_1_301' title='bbox 1747 3198 1985 3280; x_wconf 88' lang='lat' dir='ltr'>regiam</span> <span class='ocrx_word' id='word_1_302' title='bbox 2038 3200 2427 3263; x_wconf 85' lang='lat' dir='ltr'>maiestatem</span> <span class='ocrx_word' id='word_1_303' title='bbox 2463 3198 2911 3269; x_wconf 80' lang='lat' dir='ltr'>transmissus3</span> <span class='ocrx_word' id='word_1_304' title='bbox 2965 3198 3202 3265; x_wconf 83' lang='lat' dir='ltr'>etcum</span> 
     </span>
     <span class='ocr_line' id='line_1_34' title="bbox 468 3281 3207 3369; baseline 0 -23"><span class='ocrx_word' id='word_1_305' title='bbox 468 3284 557 3346; x_wconf 91' lang='lat' dir='ltr'>eis</span> <span class='ocrx_word' id='word_1_306' title='bbox 605 3281 856 3348; x_wconf 89' lang='lat' dir='ltr'>fuerunt</span> <span class='ocrx_word' id='word_1_307' title='bbox 902 3285 1090 3349; x_wconf 87' lang='lat' dir='ltr'>etiam</span> <span class='ocrx_word' id='word_1_308' title='bbox 1141 3288 1453 3367; x_wconf 86' lang='lat' dir='ltr'>presentes</span> <span class='ocrx_word' id='word_1_309' title='bbox 1502 3287 1736 3369; x_wconf 86' lang='lat' dir='ltr'>egregii</span> <span class='ocrx_word' id='word_1_310' title='bbox 1786 3285 1903 3350; x_wconf 84' lang='lat' dir='ltr'>viri</span> <span class='ocrx_word' id='word_1_311' title='bbox 1953 3286 2187 3350; x_wconf 89' lang='lat' dir='ltr'>domini</span> <span class='ocrx_word' id='word_1_312' title='bbox 2238 3286 2471 3350; x_wconf 89' lang='lat' dir='ltr'>Paulus</span> <span class='ocrx_word' id='word_1_313' title='bbox 2533 3285 2609 3349; x_wconf 90' lang='lat' dir='ltr'>de</span> <span class='ocrx_word' id='word_1_314' title='bbox 2674 3284 2953 3367; x_wconf 89' lang='lat' dir='ltr'>Georgiis</span> <span class='ocrx_word' id='word_1_315' title='bbox 3026 3283 3207 3347; x_wconf 88' lang='lat' dir='ltr'>miles</span> 
     </span>
     <span class='ocr_line' id='line_1_35' title="bbox 467 3370 3212 3454; baseline 0 -20"><span class='ocrx_word' id='word_1_316' title='bbox 467 3372 532 3434; x_wconf 86' lang='lat' dir='ltr'>et</span> <span class='ocrx_word' id='word_1_317' title='bbox 576 3370 849 3436; x_wconf 86' lang='lat' dir='ltr'>Jacobus</span> <span class='ocrx_word' id='word_1_318' title='bbox 907 3374 978 3437; x_wconf 85' lang='lat' dir='ltr'>de</span> <span class='ocrx_word' id='word_1_319' title='bbox 1028 3373 1338 3438; x_wconf 86' lang='lat' dir='ltr'>Raduchis</span> <span class='ocrx_word' id='word_1_320' title='bbox 1386 3373 1595 3453; x_wconf 84' lang='lat' dir='ltr'>legum</span> <span class='ocrx_word' id='word_1_321' title='bbox 1645 3375 1875 3454; x_wconf 86' lang='lat' dir='ltr'>doctor,</span> <span class='ocrx_word' id='word_1_322' title='bbox 1923 3375 2272 3438; x_wconf 88' lang='lat' dir='ltr'>communis</span> <span class='ocrx_word' id='word_1_323' title='bbox 2335 3374 2524 3439; x_wconf 83' lang='lat' dir='ltr'>Jadre</span> <span class='ocrx_word' id='word_1_324' title='bbox 2594 3372 3069 3449; x_wconf 72' lang='lat' dir='ltr'>ambariatoreS,</span> <span class='ocrx_word' id='word_1_325' title='bbox 3140 3372 3212 3435; x_wconf 92' lang='lat' dir='ltr'>ut</span> 
     </span>
     <span class='ocr_line' id='line_1_36' title="bbox 466 3458 3210 3544; baseline -0 -22"><span class='ocrx_word' id='word_1_326' title='bbox 466 3459 843 3532; x_wconf 87' lang='lat' dir='ltr'>asserebant,</span> <span class='ocrx_word' id='word_1_327' title='bbox 891 3479 960 3524; x_wconf 87' lang='lat' dir='ltr'>ex</span> <span class='ocrx_word' id='word_1_328' title='bbox 1009 3479 1129 3524; x_wconf 82' lang='lat' dir='ltr'>uua</span> <span class='ocrx_word' id='word_1_329' title='bbox 1177 3464 1367 3542; x_wconf 86' lang='lat' dir='ltr'>parte,</span> <span class='ocrx_word' id='word_1_330' title='bbox 1419 3465 1483 3525; x_wconf 85' lang='lat' dir='ltr'>et</span> <span class='ocrx_word' id='word_1_331' title='bbox 1527 3461 1912 3526; x_wconf 87' lang='lat' dir='ltr'>honorabiles</span> <span class='ocrx_word' id='word_1_332' title='bbox 1960 3464 2023 3525; x_wconf 91' lang='lat' dir='ltr'>et</span> <span class='ocrx_word' id='word_1_333' title='bbox 2069 3461 2304 3544; x_wconf 86' lang='lat' dir='ltr'>egregii</span> <span class='ocrx_word' id='word_1_334' title='bbox 2353 3461 2467 3525; x_wconf 88' lang='lat' dir='ltr'>viri</span> <span class='ocrx_word' id='word_1_335' title='bbox 2517 3461 2802 3525; x_wconf 90' lang='lat' dir='ltr'>domiuus</span> <span class='ocrx_word' id='word_1_336' title='bbox 2857 3458 3210 3524; x_wconf 89' lang='lat' dir='ltr'>Leonardus</span> 
     </span>
     <span class='ocr_line' id='line_1_37' title="bbox 468 3546 3209 3632; baseline 0 -23"><span class='ocrx_word' id='word_1_337' title='bbox 468 3546 543 3610; x_wconf 90' lang='lat' dir='ltr'>de</span> <span class='ocrx_word' id='word_1_338' title='bbox 592 3548 959 3617; x_wconf 86' lang='lat' dir='ltr'>Montealto,</span> <span class='ocrx_word' id='word_1_339' title='bbox 1010 3549 1215 3632; x_wconf 87' lang='lat' dir='ltr'>legum</span> <span class='ocrx_word' id='word_1_340' title='bbox 1250 3551 1475 3626; x_wconf 89' lang='lat' dir='ltr'>doctor,</span> <span class='ocrx_word' id='word_1_341' title='bbox 1527 3550 1889 3613; x_wconf 82' lang='lat' dir='ltr'>Franciscus</span> <span class='ocrx_word' id='word_1_342' title='bbox 1936 3550 2317 3625; x_wconf 86' lang='lat' dir='ltr'>Embriacus,</span> <span class='ocrx_word' id='word_1_343' title='bbox 2366 3548 2781 3631; x_wconf 88' lang='lat' dir='ltr'>Neapolionus</span> <span class='ocrx_word' id='word_1_344' title='bbox 2830 3547 3209 3612; x_wconf 89' lang='lat' dir='ltr'>Lomellinus</span> 
     </span>
     <span class='ocr_line' id='line_1_38' title="bbox 468 3634 3211 3719; baseline -0 -22"><span class='ocrx_word' id='word_1_345' title='bbox 468 3634 863 3699; x_wconf 85' lang='lat' dir='ltr'>etMatheus</span> <span class='ocrx_word' id='word_1_346' title='bbox 906 3637 1240 3711; x_wconf 72' lang='lat' dir='ltr'>MaruciuS,</span> <span class='ocrx_word' id='word_1_347' title='bbox 1288 3639 1452 3702; x_wconf 86' lang='lat' dir='ltr'>cives</span> <span class='ocrx_word' id='word_1_348' title='bbox 1513 3636 1732 3714; x_wconf 83' lang='lat' dir='ltr'>Janue,</span> <span class='ocrx_word' id='word_1_349' title='bbox 1799 3636 2040 3713; x_wconf 91' lang='lat' dir='ltr'>sindici,</span> <span class='ocrx_word' id='word_1_350' title='bbox 2090 3641 2350 3715; x_wconf 79' lang='lat' dir='ltr'>actoreS‚</span> <span class='ocrx_word' id='word_1_351' title='bbox 2415 3640 2856 3719; x_wconf 88' lang='lat' dir='ltr'>procuratores,</span> <span class='ocrx_word' id='word_1_352' title='bbox 2921 3635 3211 3699; x_wconf 86' lang='lat' dir='ltr'>ambaxa·</span> 
     </span>
     <span class='ocr_line' id='line_1_39' title="bbox 469 3722 3210 3807; baseline 0 -24"><span class='ocrx_word' id='word_1_353' title='bbox 469 3722 638 3785; x_wconf 86' lang='lat' dir='ltr'>tores</span> <span class='ocrx_word' id='word_1_354' title='bbox 685 3725 748 3787; x_wconf 90' lang='lat' dir='ltr'>et</span> <span class='ocrx_word' id='word_1_355' title='bbox 797 3725 995 3788; x_wconf 91' lang='lat' dir='ltr'>nuntii</span> <span class='ocrx_word' id='word_1_356' title='bbox 1044 3725 1343 3806; x_wconf 88' lang='lat' dir='ltr'>speciales</span> <span class='ocrx_word' id='word_1_357' title='bbox 1392 3724 1657 3787; x_wconf 88' lang='lat' dir='ltr'>illustris</span> <span class='ocrx_word' id='word_1_358' title='bbox 1727 3728 1790 3788; x_wconf 89' lang='lat' dir='ltr'>et</span> <span class='ocrx_word' id='word_1_359' title='bbox 1854 3724 2166 3807; x_wconf 88' lang='lat' dir='ltr'>magnifici</span> <span class='ocrx_word' id='word_1_360' title='bbox 2237 3725 2466 3788; x_wconf 89' lang='lat' dir='ltr'>domini</span> <span class='ocrx_word' id='word_1_361' title='bbox 2538 3723 2772 3789; x_wconf 89' lang='lat' dir='ltr'>domini</span> <span class='ocrx_word' id='word_1_362' title='bbox 2822 3722 3065 3786; x_wconf 84' lang='lat' dir='ltr'>Nicolai</span> <span class='ocrx_word' id='word_1_363' title='bbox 3138 3722 3210 3785; x_wconf 91' lang='lat' dir='ltr'>de</span> 
     </span>
     <span class='ocr_line' id='line_1_40' title="bbox 471 3807 3213 3894; baseline -0 -22"><span class='ocrx_word' id='word_1_364' title='bbox 471 3807 725 3888; x_wconf 86' lang='lat' dir='ltr'>Goarco,</span> <span class='ocrx_word' id='word_1_365' title='bbox 776 3812 869 3873; x_wconf 91' lang='lat' dir='ltr'>dei</span> <span class='ocrx_word' id='word_1_366' title='bbox 912 3811 1116 3893; x_wconf 87' lang='lat' dir='ltr'>gratia</span> <span class='ocrx_word' id='word_1_367' title='bbox 1162 3812 1494 3877; x_wconf 85' lang='lat' dir='ltr'>Januensis</span> <span class='ocrx_word' id='word_1_368' title='bbox 1542 3813 1711 3875; x_wconf 90' lang='lat' dir='ltr'>ducis</span> <span class='ocrx_word' id='word_1_369' title='bbox 1758 3814 1824 3875; x_wconf 82' lang='lat' dir='ltr'>et</span> <span class='ocrx_word' id='word_1_370' title='bbox 1868 3812 2079 3894; x_wconf 90' lang='lat' dir='ltr'>populi</span> <span class='ocrx_word' id='word_1_371' title='bbox 2129 3811 2469 3876; x_wconf 84' lang='lat' dir='ltr'>defensoris</span> <span class='ocrx_word' id='word_1_372' title='bbox 2518 3815 2583 3876; x_wconf 88' lang='lat' dir='ltr'>et</span> <span class='ocrx_word' id='word_1_373' title='bbox 2645 3812 2775 3874; x_wconf 89' lang='lat' dir='ltr'>eius</span> <span class='ocrx_word' id='word_1_374' title='bbox 2838 3809 3078 3874; x_wconf 89' lang='lat' dir='ltr'>consilii</span> <span class='ocrx_word' id='word_1_375' title='bbox 3148 3810 3213 3872; x_wconf 88' lang='lat' dir='ltr'>et</span> 
     </span>
     <span class='ocr_line' id='line_1_41' title="bbox 473 3895 3209 3981; baseline -0 -21"><span class='ocrx_word' id='word_1_376' title='bbox 473 3899 816 3961; x_wconf 90' lang='lat' dir='ltr'>communis</span> <span class='ocrx_word' id='word_1_377' title='bbox 863 3900 1060 3964; x_wconf 87' lang='lat' dir='ltr'>Janne</span> <span class='ocrx_word' id='word_1_378' title='bbox 1101 3901 1342 3965; x_wconf 89' lang='lat' dir='ltr'>nomine</span> <span class='ocrx_word' id='word_1_379' title='bbox 1390 3901 1454 3963; x_wconf 85' lang='lat' dir='ltr'>et</span> <span class='ocrx_word' id='word_1_380' title='bbox 1501 3899 1633 3963; x_wconf 87' lang='lat' dir='ltr'>vice</span> <span class='ocrx_word' id='word_1_381' title='bbox 1682 3900 2063 3981; x_wconf 88' lang='lat' dir='ltr'>prefatorum</span> <span class='ocrx_word' id='word_1_382' title='bbox 2136 3901 2400 3963; x_wconf 86' lang='lat' dir='ltr'>illustris</span> <span class='ocrx_word' id='word_1_383' title='bbox 2461 3901 2526 3963; x_wconf 83' lang='lat' dir='ltr'>et</span> <span class='ocrx_word' id='word_1_384' title='bbox 2588 3896 2900 3981; x_wconf 86' lang='lat' dir='ltr'>magnifici</span> <span class='ocrx_word' id='word_1_385' title='bbox 2969 3895 3209 3960; x_wconf 90' lang='lat' dir='ltr'>domini</span> 
     </span>
     <span class='ocr_line' id='line_1_42' title="bbox 468 3984 3208 4069; baseline 0 -23"><span class='ocrx_word' id='word_1_386' title='bbox 468 3984 663 4063; x_wconf 78' lang='lat' dir='ltr'>duciS,</span> <span class='ocrx_word' id='word_1_387' title='bbox 714 3988 954 4051; x_wconf 86' lang='lat' dir='ltr'>consilii</span> <span class='ocrx_word' id='word_1_388' title='bbox 1005 3991 1067 4053; x_wconf 91' lang='lat' dir='ltr'>et</span> <span class='ocrx_word' id='word_1_389' title='bbox 1114 3986 1478 4062; x_wconf 87' lang='lat' dir='ltr'>communis,</span> <span class='ocrx_word' id='word_1_390' title='bbox 1527 3987 1826 4051; x_wconf 83' lang='lat' dir='ltr'>habentes</span> <span class='ocrx_word' id='word_1_391' title='bbox 1868 3986 1943 4049; x_wconf 87' lang='lat' dir='ltr'>ad</span> <span class='ocrx_word' id='word_1_392' title='bbox 1995 3986 2391 4069; x_wconf 81' lang='lat' dir='ltr'>infrascripta</span> <span class='ocrx_word' id='word_1_393' title='bbox 2454 3986 2702 4069; x_wconf 92' lang='lat' dir='ltr'>plenum</span> <span class='ocrx_word' id='word_1_394' title='bbox 2766 3988 2829 4047; x_wconf 91' lang='lat' dir='ltr'>et</span> <span class='ocrx_word' id='word_1_395' title='bbox 2891 3984 3208 4049; x_wconf 87' lang='lat' dir='ltr'>sufficiens</span> 
     </span>
     <span class='ocr_line' id='line_1_43' title="bbox 473 4063 3208 4159; baseline -0.001 -24"><span class='ocrx_word' id='word_1_396' title='bbox 473 4074 852 4151; x_wconf 84' lang='lat' dir='ltr'>mandatum,</span> <span class='ocrx_word' id='word_1_397' title='bbox 905 4077 973 4139; x_wconf 93' lang='lat' dir='ltr'>ut</span> <span class='ocrx_word' id='word_1_398' title='bbox 1019 4078 1193 4158; x_wconf 86' lang='lat' dir='ltr'>patet</span> <span class='ocrx_word' id='word_1_399' title='bbox 1237 4075 1485 4159; x_wconf 91' lang='lat' dir='ltr'>publico</span> <span class='ocrx_word' id='word_1_400' title='bbox 1535 4075 1947 4139; x_wconf 83' lang='lat' dir='ltr'>instrumento</span> <span class='ocrx_word' id='word_1_401' title='bbox 2013 4076 2242 4156; x_wconf 84' lang='lat' dir='ltr'>scripto</span> <span class='ocrx_word' id='word_1_402' title='bbox 2316 4094 2496 4138; x_wconf 88' lang='lat' dir='ltr'>manu</span> <span class='ocrx_word' id='word_1_403' title='bbox 2548 4063 2900 4137; x_wconf 79' lang='lat' dir='ltr'>Baldasalis</span> <span class='ocrx_word' id='word_1_404' title='bbox 2957 4071 3208 4136; x_wconf 86' lang='lat' dir='ltr'>Nicolai</span> 
     </span>
     <span class='ocr_line' id='line_1_44' title="bbox 471 4158 3206 4245; baseline -0.001 -24"><span class='ocrx_word' id='word_1_405' title='bbox 471 4161 541 4222; x_wconf 88' lang='lat' dir='ltr'>de</span> <span class='ocrx_word' id='word_1_406' title='bbox 589 4162 827 4240; x_wconf 85' lang='lat' dir='ltr'>Pineto,</span> <span class='ocrx_word' id='word_1_407' title='bbox 881 4164 1189 4245; x_wconf 90' lang='lat' dir='ltr'>imperiali</span> <span class='ocrx_word' id='word_1_408' title='bbox 1232 4163 1567 4227; x_wconf 88' lang='lat' dir='ltr'>autoritate</span> <span class='ocrx_word' id='word_1_409' title='bbox 1613 4163 1838 4227; x_wconf 87' lang='lat' dir='ltr'>notarii</span> <span class='ocrx_word' id='word_1_410' title='bbox 1884 4164 1947 4226; x_wconf 86' lang='lat' dir='ltr'>et</span> <span class='ocrx_word' id='word_1_411' title='bbox 1993 4163 2369 4244; x_wconf 86' lang='lat' dir='ltr'>prefatorum</span> <span class='ocrx_word' id='word_1_412' title='bbox 2418 4161 2684 4225; x_wconf 89' lang='lat' dir='ltr'>illustris</span> <span class='ocrx_word' id='word_1_413' title='bbox 2732 4160 2963 4224; x_wconf 90' lang='lat' dir='ltr'>domini</span> <span class='ocrx_word' id='word_1_414' title='bbox 3031 4158 3206 4221; x_wconf 89' lang='lat' dir='ltr'>ducis</span> 
     </span>
     <span class='ocr_line' id='line_1_45' title="bbox 470 4212 3206 4327; baseline 0 -19"><span class='ocrx_word' id='word_1_415' title='bbox 470 4247 600 4311; x_wconf 88' lang='lat' dir='ltr'>eius</span> <span class='ocrx_word' id='word_1_416' title='bbox 646 4265 789 4312; x_wconf 91' lang='lat' dir='ltr'>cons</span> <span class='ocrx_word' id='word_1_417' title='bbox 797 4212 885 4313; x_wconf 81' lang='lat' dir='ltr'>&#39;lii</span> <span class='ocrx_word' id='word_1_418' title='bbox 935 4254 998 4314; x_wconf 91' lang='lat' dir='ltr'>et</span> <span class='ocrx_word' id='word_1_419' title='bbox 1037 4250 1382 4315; x_wconf 86' lang='lat' dir='ltr'>communis</span> <span class='ocrx_word' id='word_1_420' title='bbox 1432 4249 1628 4314; x_wconf 84' lang='lat' dir='ltr'>Janue</span> <span class='ocrx_word' id='word_1_421' title='bbox 1671 4250 2042 4327; x_wconf 85' lang='lat' dir='ltr'>cancelariii,</span> <span class='ocrx_word' id='word_1_422' title='bbox 2107 4252 2220 4315; x_wconf 90' lang='lat' dir='ltr'>sub</span> <span class='ocrx_word' id='word_1_423' title='bbox 2284 4269 2443 4314; x_wconf 90' lang='lat' dir='ltr'>anno</span> <span class='ocrx_word' id='word_1_424' title='bbox 2489 4247 2794 4312; x_wconf 89' lang='lat' dir='ltr'>dominice</span> <span class='ocrx_word' id='word_1_425' title='bbox 2858 4245 3206 4312; x_wconf 87' lang='lat' dir='ltr'>nativitatis</span> 
     </span>
     <span class='ocr_line' id='line_1_46' title="bbox 472 4334 3208 4421; baseline -0 -24"><span class='ocrx_word' id='word_1_426' title='bbox 472 4334 800 4400; x_wconf 86' lang='lat' dir='ltr'>millesimo</span> <span class='ocrx_word' id='word_1_427' title='bbox 847 4340 1282 4404; x_wconf 86' lang='lat' dir='ltr'>trecentesimo</span> <span class='ocrx_word' id='word_1_428' title='bbox 1333 4338 1751 4421; x_wconf 87' lang='lat' dir='ltr'>octuagesimo</span> <span class='ocrx_word' id='word_1_429' title='bbox 1795 4337 2014 4419; x_wconf 86' lang='lat' dir='ltr'>primo,</span> <span class='ocrx_word' id='word_1_430' title='bbox 2067 4337 2399 4402; x_wconf 87' lang='lat' dir='ltr'>indictione</span> <span class='ocrx_word' id='word_1_431' title='bbox 2447 4337 2639 4401; x_wconf 89' lang='lat' dir='ltr'>tercia</span> <span class='ocrx_word' id='word_1_432' title='bbox 2685 4336 3019 4400; x_wconf 89' lang='lat' dir='ltr'>secundum</span> <span class='ocrx_word' id='word_1_433' title='bbox 3067 4354 3208 4398; x_wconf 91' lang='lat' dir='ltr'>cur-</span> 
     </span>
     <span class='ocr_line' id='line_1_47' title="bbox 470 4422 3206 4507; baseline -0.001 -22"><span class='ocrx_word' id='word_1_434' title='bbox 470 4441 605 4485; x_wconf 88' lang='lat' dir='ltr'>sum</span> <span class='ocrx_word' id='word_1_435' title='bbox 655 4422 853 4488; x_wconf 86' lang='lat' dir='ltr'>Jauue</span> <span class='ocrx_word' id='word_1_436' title='bbox 902 4427 997 4490; x_wconf 90' lang='lat' dir='ltr'>die</span> <span class='ocrx_word' id='word_1_437' title='bbox 1046 4446 1199 4491; x_wconf 90' lang='lat' dir='ltr'>nona</span> <span class='ocrx_word' id='word_1_438' title='bbox 1247 4427 1414 4501; x_wconf 88' lang='lat' dir='ltr'>maii,</span> <span class='ocrx_word' id='word_1_439' title='bbox 1465 4426 1615 4489; x_wconf 86' lang='lat' dir='ltr'>hora</span> <span class='ocrx_word' id='word_1_440' title='bbox 1662 4426 1844 4507; x_wconf 89' lang='lat' dir='ltr'>paulo</span> <span class='ocrx_word' id='word_1_441' title='bbox 1892 4430 2038 4489; x_wconf 90' lang='lat' dir='ltr'>ante</span> <span class='ocrx_word' id='word_1_442' title='bbox 2084 4425 2327 4500; x_wconf 87' lang='lat' dir='ltr'>tercias,</span> <span class='ocrx_word' id='word_1_443' title='bbox 2373 4424 2546 4488; x_wconf 90' lang='lat' dir='ltr'>cuius</span> <span class='ocrx_word' id='word_1_444' title='bbox 2594 4430 2767 4487; x_wconf 92' lang='lat' dir='ltr'>tenor</span> <span class='ocrx_word' id='word_1_445' title='bbox 2809 4422 3069 4486; x_wconf 82' lang='lat' dir='ltr'>inferius</span> <span class='ocrx_word' id='word_1_446' title='bbox 3111 4424 3206 4485; x_wconf 87' lang='lat' dir='ltr'>est</span> 
     </span>
     <span class='ocr_line' id='line_1_48' title="bbox 469 4508 3202 4596; baseline -0 -24"><span class='ocrx_word' id='word_1_447' title='bbox 469 4511 734 4574; x_wconf 89' lang='lat' dir='ltr'>insertus</span> <span class='ocrx_word' id='word_1_448' title='bbox 797 4533 866 4577; x_wconf 88' lang='lat' dir='ltr'>ex</span> <span class='ocrx_word' id='word_1_449' title='bbox 914 4533 1035 4577; x_wconf 86' lang='lat' dir='ltr'>una</span> <span class='ocrx_word' id='word_1_450' title='bbox 1081 4515 1202 4578; x_wconf 84' lang='lat' dir='ltr'>alia</span> <span class='ocrx_word' id='word_1_451' title='bbox 1246 4517 1457 4596; x_wconf 87' lang='lat' dir='ltr'>parte;</span> <span class='ocrx_word' id='word_1_452' title='bbox 1507 4518 1570 4578; x_wconf 89' lang='lat' dir='ltr'>et</span> <span class='ocrx_word' id='word_1_453' title='bbox 1615 4512 1846 4595; x_wconf 90' lang='lat' dir='ltr'>egregii</span> <span class='ocrx_word' id='word_1_454' title='bbox 1912 4512 2023 4576; x_wconf 83' lang='lat' dir='ltr'>viri</span> <span class='ocrx_word' id='word_1_455' title='bbox 2089 4510 2319 4575; x_wconf 87' lang='lat' dir='ltr'>domini</span> <span class='ocrx_word' id='word_1_456' title='bbox 2383 4511 2664 4575; x_wconf 82' lang='lat' dir='ltr'>Thadeus</span> <span class='ocrx_word' id='word_1_457' title='bbox 2730 4510 2805 4574; x_wconf 92' lang='lat' dir='ltr'>de</span> <span class='ocrx_word' id='word_1_458' title='bbox 2864 4508 3202 4592; x_wconf 88' lang='lat' dir='ltr'>Azoguidis</span> 
     </span>
     <span class='ocr_line' id='line_1_49' title="bbox 397 4598 3202 4679; baseline -0.001 -20"><span class='ocrx_word' id='word_1_459' title='bbox 397 4611 406 4620; x_wconf 85' lang='lat'><strong>·</strong></span> <span class='ocrx_word' id='word_1_460' title='bbox 473 4598 648 4662; x_wconf 89' lang='lat' dir='ltr'>miles</span> <span class='ocrx_word' id='word_1_461' title='bbox 679 4599 1097 4679; x_wconf 86' lang='lat' dir='ltr'>Bononiensis,</span> <span class='ocrx_word' id='word_1_462' title='bbox 1135 4601 1442 4665; x_wconf 85' lang='lat' dir='ltr'>Antonius</span> <span class='ocrx_word' id='word_1_463' title='bbox 1473 4601 1547 4665; x_wconf 91' lang='lat' dir='ltr'>de</span> <span class='ocrx_word' id='word_1_464' title='bbox 1583 4600 1793 4665; x_wconf 84' lang='lat' dir='ltr'>Zechis</span> <span class='ocrx_word' id='word_1_465' title='bbox 1829 4602 1901 4663; x_wconf 91' lang='lat' dir='ltr'>de</span> <span class='ocrx_word' id='word_1_466' title='bbox 1948 4599 2384 4663; x_wconf 87' lang='lat' dir='ltr'>Montecalerio</span> <span class='ocrx_word' id='word_1_467' title='bbox 2431 4603 2493 4662; x_wconf 89' lang='lat' dir='ltr'>et</span> <span class='ocrx_word' id='word_1_468' title='bbox 2528 4598 2799 4663; x_wconf 84' lang='lat' dir='ltr'>Jacobus</span> <span class='ocrx_word' id='word_1_469' title='bbox 2833 4598 3202 4670; x_wconf 76' lang='lat' dir='ltr'>TurchetuS,</span> 
     </span>
     <span class='ocr_line' id='line_1_50' title="bbox 469 4684 3207 4768; baseline -0.003 -19"><span class='ocrx_word' id='word_1_470' title='bbox 469 4684 674 4768; x_wconf 86' lang='lat' dir='ltr'>legum</span> <span class='ocrx_word' id='word_1_471' title='bbox 724 4689 1024 4765; x_wconf 88' lang='lat' dir='ltr'>doctores,</span> <span class='ocrx_word' id='word_1_472' title='bbox 1074 4691 1310 4753; x_wconf 90' lang='lat' dir='ltr'>actores</span> <span class='ocrx_word' id='word_1_473' title='bbox 1374 4691 1437 4753; x_wconf 91' lang='lat' dir='ltr'>et</span> <span class='ocrx_word' id='word_1_474' title='bbox 1497 4691 1938 4767; x_wconf 84' lang='lat' dir='ltr'>procuratores,</span> <span class='ocrx_word' id='word_1_475' title='bbox 1998 4687 2455 4751; x_wconf 88' lang='lat' dir='ltr'>ambaxiatores</span> <span class='ocrx_word' id='word_1_476' title='bbox 2520 4691 2582 4749; x_wconf 90' lang='lat' dir='ltr'>et</span> <span class='ocrx_word' id='word_1_477' title='bbox 2644 4686 2845 4749; x_wconf 89' lang='lat' dir='ltr'>nuntii</span> <span class='ocrx_word' id='word_1_478' title='bbox 2906 4684 3207 4767; x_wconf 84' lang='lat' dir='ltr'>speciales</span> 
     </span>
     <span class='ocr_line' id='line_1_51' title="bbox 471 4770 3207 4855; baseline -0.001 -21"><span class='ocrx_word' id='word_1_479' title='bbox 471 4774 776 4855; x_wconf 87' lang='lat' dir='ltr'>magnifici</span> <span class='ocrx_word' id='word_1_480' title='bbox 826 4778 889 4839; x_wconf 91' lang='lat' dir='ltr'>et</span> <span class='ocrx_word' id='word_1_481' title='bbox 936 4777 1156 4841; x_wconf 86' lang='lat' dir='ltr'>excelsi</span> <span class='ocrx_word' id='word_1_482' title='bbox 1212 4776 1443 4840; x_wconf 88' lang='lat' dir='ltr'>domini</span> <span class='ocrx_word' id='word_1_483' title='bbox 1492 4775 1722 4840; x_wconf 90' lang='lat' dir='ltr'>domini</span> <span class='ocrx_word' id='word_1_484' title='bbox 1773 4775 2086 4839; x_wconf 89' lang='lat' dir='ltr'>Francisci</span> <span class='ocrx_word' id='word_1_485' title='bbox 2135 4776 2206 4837; x_wconf 91' lang='lat' dir='ltr'>de</span> <span class='ocrx_word' id='word_1_486' title='bbox 2253 4770 2535 4837; x_wconf 86' lang='lat' dir='ltr'>Carraria</span> <span class='ocrx_word' id='word_1_487' title='bbox 2586 4772 2793 4836; x_wconf 89' lang='lat' dir='ltr'>Padue</span> <span class='ocrx_word' id='word_1_488' title='bbox 2843 4774 2961 4835; x_wconf 90' lang='lat' dir='ltr'>etc.</span> <span class='ocrx_word' id='word_1_489' title='bbox 3011 4773 3207 4850; x_wconf 90' lang='lat' dir='ltr'>impe-</span> 
     </span>
    </p>
   </div>
  </div>
 </body>
</html>
