3620 5282
488 310 573 379 92

851 489 1232 573 GLxm.
1288 486 1494 583 God.
1547 486 1777 573 1368.
1834 489 1874 568 1
1931 484 2284 588 sicema,
2336 508 2393 567 u
2449 485 2842 570 Mletcih.

483 633 585 693 Da
628 651 690 694 se
735 635 1063 708 aqam-Iera
1110 634 1311 707 kralja
1359 633 1535 707 uyodi
1580 631 1875 705 dopusden
1907 632 2122 705 prolaz
2168 633 2363 705 nJekoj
2422 633 2533 692 ceti
2594 632 2734 692 kroz
2800 633 2956 692 mlet.
3010 633 3211 706 zemb'c

1503 738 1547 778 u
1591 720 1895 792 papinsku
1941 719 2187 779 driavu.

698 840 861 906 1367
909 840 1006 904 die
1056 839 1250 922 primo
1299 838 1579 903 ianuarii.
1629 837 1865 921 Capta:
1917 839 2074 922 quod
2124 857 2230 921 pro
2276 837 2711 920 complacendo
2768 838 3015 905 domino
3078 841 3211 924 regi

481 928 798 1009 Hungarie
845 927 959 992 hoc
1004 927 1318 992 curialiter
1365 926 1702 1005 requirenti
1760 945 1868 1008 per
1930 927 2174 991 litteras
2234 926 2580 991 destinatas
2618 927 2807 991 Luce
2868 926 2943 989 de
3006 928 3209 994 Medio

483 1016 636 1080 fiant
680 1015 889 1078 littere
936 1016 1236 1095 patenteS,
1288 1033 1393 1093 per
1424 1032 1576 1095 quas
1612 1016 1829 1095 gentes
1874 1032 2002 1089 sue,
2051 1032 2200 1096 quas
2246 1015 2446 1078 mittit
2476 1013 2553 1077 ad
2599 1013 3063 1078 sanctissimum
3099 1017 3206 1081 do-

480 1103 717 1167 minum
764 1120 1008 1184 papam,
1056 1102 1293 1181 possint·
1339 1100 1604 1165 transire
1651 1120 1756 1182 per
1801 1101 2120 1165 districtus
2168 1103 2408 1166 nostros
2465 1102 2797 1165 Tervisane
2853 1102 2918 1165 et
2961 1100 3209 1169 Genete.

482 1190 563 1253 Et
608 1190 854 1271 insuper
900 1188 1095 1270 possit
1142 1188 1386 1252 mittere
1433 1207 1540 1269 per
1577 1187 1900 1252 districtus
1947 1190 2190 1252 nostros
2238 1189 2366 1252 tam
2414 1206 2522 1270 per
2561 1190 2789 1251 terram
2853 1207 3035 1271 quam
3103 1209 3207 1271 per

481 1294 700 1359 aquam
765 1294 1012 1339 omnem
1067 1275 1322 1357 pecunie
1383 1276 1838 1356 quantitatem,
1903 1276 2221 1357 ipsamque
2282 1276 2579 1356 deponere
2653 1275 2712 1337 iu
2770 1276 3051 1340 Veneciis
3132 1277 3206 1341 ad

482 1363 930 1444 beneplacitum
979 1381 1182 1427 suum.
1233 1362 1568 1427 Scribendo
1595 1362 1933 1426 rectoribus
1969 1363 2212 1439 nostris,
2259 1364 2418 1443 quod
2455 1361 2685 1425 dictam
2723 1363 2973 1444 gentem
3007 1365 3203 1428 eundo

479 1451 610 1514 sine
655 1450 886 1515 lesione
933 1453 1277 1513 nostrorum
1323 1450 1584 1514 transire
1631 1450 1999 1532 permittant
2044 1451 2217 1513 extra
2264 1449 2602 1525 fortiliciaS,
2676 1451 3040 1531 receptando
3098 1469 3200 1514 eos

477 1537 806 1613 curialiter,
856 1539 918 1601 et
965 1537 1241 1601 faciendo
1289 1536 1408 1601 sibi
1455 1536 1753 1618 provideri
1803 1535 1879 1599 de
1913 1536 2284 1601 victualibus
2320 1555 2425 1619 pro
2462 1537 2718 1618 pecunia
2751 1555 2880 1614 sua,
2927 1537 3204 1603 habendo

476 1624 551 1689 de
595 1625 748 1690 locis
792 1623 908 1688 sibi
956 1623 1302 1689 commissis
1352 1624 1572 1688 bonam
1621 1623 1965 1688 custodiam
2009 1626 2194 1705 atque
2241 1643 2472 1689 curam.

562 1734 740 1793 Misit·
786 1732 1057 1791 XXXII
1107 1734 1249 1806 102,
1297 1750 1338 1789 u
1381 1732 1532 1791 mlet.
1583 1733 1815 1792 arkizu.

826 1936 1195 2019 CLXIV.
1250 1937 1455 2019 God.
1515 1937 1738 2020 1368.
1794 1937 1898 2020 28
1952 1937 2292 2040 oiujka,
2345 1959 2405 2018 u
2459 1937 2846 2019 Mletcin.

685 2078 1047 2144 Ordinatum
1095 2077 1415 2159 capitaneo
1461 2077 1624 2153 culfi,
1673 2080 1832 2161 quod
1879 2078 2260 2143 intromittat
2305 2080 2369 2143 et
2414 2078 2691 2144 comburi
2723 2078 2911 2144 saciat
2941 2078 3199 2145 barchae

472 2165 786 2230 castellani
827 2166 1094 2242 Buduae,
1129 2167 1193 2228 et
1225 2164 1419 2228 eidem
1449 2165 1773 2249 prohibeat
1803 2168 1876 2231 de
1898 2168 2139 2232 caetero
2166 2169 2373 2231 tenere
2400 2166 2646 2250 navigia
2676 2169 2917 2231 armata
2946 2166 3009 2230 in
3043 2168 3197 2232 mari

474 2252 552 2316 ad
600 2251 890 2317 damnum
940 2251 1220 2315 alicuius,
1269 2252 1484 2316 Eidem
1531 2253 1854 2336 capitaneo
1901 2254 2318 2318 committitur
2363 2254 2573 2331 etiam,
2622 2254 2775 2336 quod
2823 2253 2901 2319 ab
2946 2253 3075 2318 illis
3121 2253 3197 2319 de

477 2340 540 2404 la
588 2340 820 2405 Valona
868 2340 1141 2421 requirat
1186 2339 1667 2405 satisfactionem
1716 2342 1869 2405 certi
1916 2341 2123 2406 damni
2156 2342 2317 2407 illati
2350 2342 2587 2406 civibus
2620 2343 2875 2420 veneti8‚
2922 2341 3193 2423 alioquin

472 2428 855 2491 intromittat
900 2444 1110 2490 eorum
1159 2425 1318 2492 bona
1363 2446 1553 2509 usque
1599 2429 1676 2491 ad
1714 2428 2022 2512 integram
2070 2429 2457 2495 solutionem.

558 2535 738 2594 Misn'
790 2530 1058 2591 XXXII
1108 2536 1250 2602 117,
1294 2534 1531 2594 ωηιίει.
1580 2536 1816 2594 arkivu.

833 2759 1154 2843 CLXV.
1210 2759 1415 2842 God·
1471 2758 1695 2842 1368.
1748 2759 1851 2842 26
1904 2761 2278 2862 travnja‚
2334 2783 2391 2842 u
2446 2760 2833 2842 Mletclh.

591 2904 858 2974 mecona,
889 2903 983 2974 ,da
1022 2919 1083 2961 se
1126 2902 1308 2975 primi
1353 2900 1602 2961 Skutari
1642 2920 1682 2960 u
1732 2901 1987 2974 Turskoj
2023 2901 2329 2974 ponudjen
2373 2902 2450 2959 od
2491 2901 2737 2960 sultuna
2783 2902 3059 2963 Murato.

678 3021 853 3101 Quod
902 3024 961 3087 in
1010 3024 1166 3086 bona
1221 3022 1426 3104 gratia
1487 3021 1846 3088 comittatur
1901 3019 2284 3086 ambaxatori
2345 3022 2553 3086 nostro
2615 3022 2777 3085 ituro
2838 3019 3189 3088 Constanti-

468 3111 739 3192 nopolim
785 3112 902 3175 etc.
958 3109 1120 3173 1368
1161 3107 1259 3171 die
1306 3108 1518 3173 XXVI
1563 3110 1797 3189 aprilis,
1839 3109 2155 3185 Sapientes
2202 3110 2451 3191 excepto
2495 3127 2591 3172 ser
2622 3107 2876 3173 Andrea
2908 3111 3188 3175 Venerio.

341 3209 348 3214 '
470 3195 704 3278 Capta:
751 3198 895 3279 quia
944 3199 1070 3260 tam
1113 3215 1218 3277 per
1265 3195 1508 3260 litteras
1578 3196 1724 3260 olim
1775 3215 1871 3260 ser
1921 3195 2110 3259 Aurei
2160 3196 2532 3278 Pasqualigo
2595 3195 2785 3259 baiuli
2838 3195 3188 3262 Constanti-

469 3283 706 3365 nopolis
753 3303 934 3366 quam
985 3302 1091 3364 per
1125 3282 1483 3346 relationem
1543 3301 1638 3347 ser
1689 3283 1860 3347 Petri
1904 3283 2255 3348 Permarino
2302 3286 2366 3346 et
2412 3301 2510 3346 ser
2560 3281 2751 3346 Marci
2801 3284 2971 3347 Geno
3036 3284 3185 3350 olim

467 3368 696 3432 ibidem
743 3370 1228 3435 consiliariorum
1272 3370 1552 3448 habetur,
1601 3372 1761 3453 quod
1795 3371 2079 3435 Moratus
2126 3369 2380 3434 condam
2430 3368 2696 3434 Orchani
2746 3370 3011 3434 libenter
3059 3373 3186 3436 vel-

349 3465 354 3470 ’
464 3456 575 3535 let,
625 3458 785 3538 quod
831 3475 1335 3521 conversaremur
1391 3459 1453 3521 in
1514 3457 1795 3539 partibus
1842 3458 1989 3531 suiS,
2051 3461 2115 3521 et
2175 3460 2339 3520 esset
2400 3457 2724 3520 contentus
2794 3459 2938 3520 dare
3010 3460 3183 3524 nobis

466 3545 792 3625 quemdam
840 3543 1043 3608 locum
1094 3542 1172 3606 ad
1219 3543 1377 3608 velle
1424 3547 1703 3611 nostrum
1740 3544 1801 3608 in
1842 3544 2119 3627 partibus
2153 3543 2433 3618 Turchie,
2482 3547 2546 3605 et
2577 3543 2776 3608 dictus
2809 3563 2907 3607 ser
2942 3544 3183 3610 Aureus

464 3648 603 3694 cum
650 3631 1016 3695 consiliariis
1063 3630 1194 3694 suis
1242 3631 1589 3696 examinare
1658 3632 1872 3696 fecerit
1924 3633 2249 3713 quemdam
2314 3630 2514 3695 locum
2584 3634 2867 3695 vocatum
2915 3629 3179 3709 Scutari,

465 3720 528 3780 et
571 3719 913 3801 scripserit,
959 3718 1160 3800 ipsum
1210 3736 1343 3782 esse
1387 3718 1591 3783 locum
1636 3717 1864 3783 abilem
1904 3722 1969 3782 et
1994 3720 2273 3782 dextrum
2316 3734 2424 3799 pro
2468 3717 2663 3794 nobiS,
2713 3720 2777 3781 et
2810 3718 2966 3800 quod
3000 3720 3187 3785 habet

466 3805 693 3869 bonnm
744 3807 1005 3885 port-um,
1057 3807 1121 3870 et
1166 3807 1374 3887 posset
1422 3806 1655 3886 prohici
1703 3824 1823 3870 una
1870 3805 2150 3881 cathena,
2200 3806 2265 3869 et
2306 3805 2534 3869 bonum
2579 3804 2812 3869 sitnon
2845 3805 3185 3889 relinquere

464 3890 638 3972 istud,
675 3892 928 3964 factum,
976 3892 1081 3957 sed
1129 3891 1191 3954 in
1240 3892 1373 3973 ipso
1414 3893 1738 3975 procedere
1787 3910 1895 3973 pro
1943 3892 2101 3956 bono
2148 3894 2213 3956 et
2258 3890 2473 3955 dextro
2543 3894 2890 3956 nostrorum
2954 3912 3184 3959 merca-

466 3984 668 4042 torum
711 3981 775 4044 et
820 3979 1151 4044 securitate
1192 3978 1436 4043 baveris
1485 3981 1549 4043 et
1593 3979 1977 4061 navigiorum
2023 3996 2311 4055 suorum;
2360 3978 2533 4043 vadit
2577 3997 2738 4059 pam,
2810 3978 2973 4062 quod
3022 3999 3184 4044 com-

465 4065 753 4130 mittatur
798 4065 1178 4131 ambaxatori
1228 4068 1433 4130 nostro
1480 4066 1644 4131 ituro
1693 4064 2312 4149 Constantinopolim,
2382 4065 2560 4148 quod,
2624 4066 2864 4148 quando
2934 4066 3053 4131 sibi
3096 4069 3184 4132 vi-

462 4152 724 4230 debitur,
778 4173 884 4235 per
930 4154 1109 4218 illum
1158 4151 1567 4218 dexteriorem
1631 4156 1695 4218 et
1753 4154 2085 4218 cautiorem
2156 4152 2429 4230 modum,
2501 4171 2616 4234 qno
2688 4154 2929 4236 poterit,
2997 4153 3184 4219 saciat

465 4241 735 4305 tractare
783 4243 846 4305 et
891 4259 1222 4323 procurare
1268 4259 1407 4303 cum
1455 4241 1620 4305 dicto
1669 4241 1930 4319 Morato,
1980 4240 2139 4323 quod
2189 4240 2296 4305 det
2341 4239 2515 4304 nobis
2561 4239 2770 4304 locum
2839 4239 3179 4321 predictum

466 4344 572 4406 pro
618 4327 998 4392 habitatione
1044 4330 1106 4391 et
1154 4326 1403 4391 reducto
1446 4330 1794 4392 nostrorum
1841 4331 2275 4406 mercatorum,
2320 4345 2500 4409 quern
2548 4327 2753 4392 locum
2812 4327 2996 4392 faciat
3049 4348 3182 4394 om-

467 4410 644 4476 nibus
693 4414 823 4479 suis
870 4414 1146 4497 expensis
1192 4412 1479 4479 reducere
1526 4419 1589 4479 et
1649 4414 1984 4480 fortificare
2031 4415 2259 4487 taliter,
2306 4412 2462 4496 quod
2510 4414 2572 4477 in
2621 4415 2754 4495 ipso
2787 4415 2978 4479 nostri
3021 4435 3184 4481 mer-

465 4498 701 4563 catores
765 4503 931 4564 stent
992 4502 1208 4579 securi,
1272 4505 1336 4565 et
1395 4502 1631 4584 possint
1693 4501 1894 4567 facere
1957 4502 2119 4566 facta
2174 4521 2285 4566 sua
2346 4502 2475 4564 sine
2523 4500 2708 4564 dubio
2755 4501 2851 4564 vel
2913 4502 3182 4583 periculo

464 4582 688 4664 aliquo,
751 4588 815 4649 et
874 4589 1029 4667 quod
1092 4589 1152 4652 in
1216 4588 1347 4670 ipso
1409 4590 1541 4653 loco
1594 4591 1790 4654 nostri
1833 4589 1961 4654 sint
2006 4587 2244 4653 franchi
2291 4588 2355 4652 et
2396 4588 2596 4667 liberi,
2663 4589 2727 4653 et
2772 4589 3007 4671 possint
3067 4590 3178 4669 uti,

467 4671 633 4732 stare
681 4672 746 4734 et
791 4675 1048 4737 mercari
1104 4675 1182 4737 ad
1247 4675 1697 4757 beneplacitum
1753 4695 1936 4742 suum
1997 4675 2191 4742 libere
2244 4675 2375 4741 sine
2434 4674 2643 4759 aliquo
2704 4673 2872 4741 datio
2931 4677 3029 4743 vel
3083 4694 3182 4745 co·
