3620 5282
3014 362 3084 422 11

384 537 481 600 sui
529 556 639 619 per
680 556 744 602 se
794 540 859 602 et
902 539 1054 604 alios
1101 558 1512 623 quoscumque
1563 540 1880 618 voluerint,
1945 540 2183 623 possint
2227 538 2424 603 facere
2469 542 2533 604 et
2577 538 2767 602 libere
2820 556 3094 603 exercere

381 626 590 689 omnia
637 629 720 704 et,
770 627 1015 710 singula
1060 628 1434 710 supradicta,
1484 629 1547 692 et
1591 631 1663 692 de
1710 629 1990 693 omnibus
2039 631 2101 693 et
2150 627 2411 709 singulis
2457 626 2830 709 supradictis
2879 644 2983 707 pro
3018 624 3093 688 li·-

381 712 513 777 bito
559 714 916 779 voluntatis
964 716 1048 780 Et
1088 717 1276 780 etiam
1326 717 1838 799 quemadmodum
1885 717 2034 781 dicti
2068 734 2389 780 commune
2438 718 2501 779 et
2544 716 2820 780 homines
2868 714 2930 777 et
2962 712 3099 776 uni-

384 802 648 865 versitas
696 802 893 868 insule
942 805 1098 888 Pagi
1145 804 1341 869 facere
1389 809 1642 887 possent
1702 825 1807 869 seu
1854 805 1982 869 ullo
2032 808 2306 885 tempore
2363 802 2557 868 facere
2606 806 2971 886 potuerunt;
3036 804 3098 865 et

386 890 822 972 promittentes
871 893 1219 957 nominibus
1259 893 1479 976 quibus
1508 912 1707 976 supra,
1757 894 1963 958 omnia
2009 896 2073 957 et
2117 891 2361 975 singula
2387 892 2742 973 supradicta
2787 892 2851 955 et
2893 893 3095 954 totum

387 981 734 1060 presentem
776 983 1197 1059 contractum,
1263 983 1325 1045 et
1373 985 1660 1045 contenta
1719 982 1782 1045 in
1830 1001 1899 1045 eo
1962 985 2024 1046 et
2084 979 2400 1063 quodlibet
2460 979 2815 1044 eorumdem
2863 977 2992 1043 vice
3031 979 3095 1041 et

386 1066 631 1130 nomine
696 1068 996 1132 dictorum
1070 1071 1413 1134 communis
1475 1073 1537 1133 et
1599 1070 1917 1133 hominum
1982 1070 2046 1133 et
2108 1067 2528 1132 universitatis
2592 1068 2742 1151 Pagi
2809 1069 3095 1149 perpetuo

386 1153 599 1233 firma,
648 1157 785 1219 rata
828 1160 892 1221 et
936 1161 1117 1239 grata
1163 1157 1387 1223 habere
1434 1161 1497 1221 et
1564 1159 1789 1233 tenere,
1841 1161 1904 1221 et
1949 1177 2066 1220 nou
2114 1156 2523 1220 contrafacere
2584 1156 2678 1220 vel
2730 1155 2932 1218 venire
2991 1172 3100 1236 per

387 1261 453 1306 se
500 1243 597 1307 vel
641 1243 816 1321 alios,
864 1244 939 1308 de
985 1246 1118 1309 iure
1162 1245 1262 1309 vel
1295 1245 1369 1309 de
1417 1245 1595 1324 facte,
1644 1246 1876 1310 directo
1921 1246 2016 1309 vel
2059 1264 2166 1327 per
2214 1244 2549 1326 obliquum,
2605 1244 2811 1325 aliqua
2859 1241 3096 1306 ratione

386 1330 485 1394 vel
531 1349 735 1410 causa,
784 1332 898 1395 sub
944 1334 1239 1417 ypotecha
1285 1334 1353 1398 et
1393 1334 1761 1417 obligatione
1810 1334 2084 1398 omnium
2132 1333 2197 1396 et
2241 1333 2619 1415 singulorum
2669 1333 2967 1395 bonorum
3002 1329 3097 1392 di-

390 1420 632 1482 ctorum
662 1422 1025 1497 communiS,
1075 1422 1392 1486 hominum
1440 1426 1503 1486 et
1549 1422 1972 1485 universitatis
1998 1421 2171 1504 Pagi,
2206 1420 2583 1503 presentium
2631 1422 2694 1485 et
2733 1420 3095 1484 futurorum.

390 1506 840 1572 Renuntiantes
890 1510 950 1572 in
996 1510 1291 1591 predictis
1338 1514 1401 1573 et
1447 1510 1723 1593 quolibet
1762 1510 2175 1592 predictorum
2219 1508 2596 1589 exceptioni,
2645 1507 2790 1583 doli,
2840 1506 2989 1571 mali
3036 1507 3101 1570 et

396 1593 462 1658 in
511 1594 739 1660 factum
789 1600 1139 1662 contractus
1190 1616 1308 1662 non
1356 1600 1444 1663 sic
1490 1598 1801 1675 celebrati,
1850 1598 1937 1661 rei
1986 1615 2103 1661 non
2149 1597 2237 1661 sic
2269 1599 2441 1680 geste
2481 1601 2542 1659 et
2588 1597 2757 1660 omni
2802 1596 2922 1659 alio
2979 1594 3097 1658 iuri

397 1686 460 1747 et
507 1684 751 1762 auxilio,
800 1704 909 1768 per
953 1687 1109 1767 quod
1156 1689 1405 1767 possent
1447 1706 1511 1751 se
1559 1686 1718 1750 tueri
1766 1688 1828 1750 in
1875 1686 2166 1769 predictis
2214 1690 2276 1748 et
2320 1685 2480 1748 circa
2527 1685 2815 1767 predicta.
2881 1684 2960 1747 Et
3006 1683 3099 1745 ni-

394 1770 765 1836 chilominus
811 1773 888 1838 ad
935 1775 1230 1838 maiorem
1279 1774 1638 1838 firmitatem
1700 1774 1850 1839 dicti
1914 1772 2215 1858 presentis
2275 1775 2624 1837 contractus
2672 1775 2734 1836 et
2779 1772 3099 1836 contento·

391 1879 529 1923 rum
575 1860 638 1924 in
678 1879 769 1937 ec,
817 1862 967 1925 dicti
1028 1861 1284 1941 sindici,
1355 1863 1705 1927 nominibus
1765 1862 1991 1945 quibus
2053 1880 2270 1944 supra,
2333 1860 2689 1924 iuraverunt
2733 1863 2796 1924 et
2839 1859 3100 1941 quilibet

391 1965 602 2012 eorum
651 1948 875 2014 iuravit
922 1950 986 2014 in
1029 1950 1268 2014 animas
1317 1951 1671 2015 eorumdem
1733 1951 1808 2015 ad
1859 1955 2074 2015 sancta
2119 1950 2216 2012 dei
2281 1949 2624 2031 evangelia.
2671 1946 2856 2012 tactis
2904 1947 3098 2029 scrip-

392 2036 572 2113 turiS,
621 2040 968 2118 presentem
1016 2041 1421 2117 contractum,
1465 2043 1529 2103 et
1585 2040 1788 2103 omnia
1835 2042 1898 2103 et
1942 2037 2185 2122 singula
2245 2038 2309 2101 in
2356 2055 2426 2101 eo
2470 2039 2759 2101 contenta
2803 2039 3096 2117 perpetuo

390 2122 637 2188 firmum
683 2127 748 2189 et
792 2128 997 2190 ratum
1047 2129 1112 2191 et
1151 2129 1330 2191 firma
1377 2130 1440 2192 et
1478 2129 1613 2191 rata
1650 2127 1876 2191 habere
1921 2131 1985 2192 et
2029 2130 2235 2190 tenere
2283 2130 2346 2188 et
2391 2143 2510 2188 non
2558 2125 2968 2189 contrafacere
2994 2122 3094 2186 vel
3134 2136 3139 2141 ·

390 2213 594 2277 venire
637 2213 751 2278 sub
796 2233 954 2295 pena
1001 2214 1277 2297 predicta
1322 2220 1385 2279 et
1430 2217 1797 2280 sacramenti
1845 2216 2106 2298 prestiti,
2154 2216 2219 2278 et
2264 2214 2470 2296 aliquo
2518 2214 2792 2294 tempore
2839 2229 2953 2275 non
2993 2212 3106 2293 pe-v

392 2304 525 2364 tere
572 2300 1020 2367 absolutionem
1068 2304 1434 2367 sacramenti
1481 2303 1755 2386 predicti,
1805 2301 1922 2382 Qui
1969 2302 2253 2366 dominus
2301 2303 2418 2365 dux
2453 2320 2559 2384 pro
2591 2320 2655 2364 se
2689 2302 2752 2364 et
2783 2299 3096 2363 communi

389 2388 795 2453 Veneciarum
843 2394 906 2454 et
952 2392 1403 2455 successoribus
1450 2393 1598 2467 suiS,
1648 2391 1882 2456 auditis
1929 2394 1990 2454 et
2037 2390 2368 2454 intellectis
2417 2390 2893 2471 recognitionem
2921 2436 2937 2464 ,
2988 2405 3098 2468 ap-

387 2476 833 2558 probationem,
883 2479 1370 2554 ratificationem,
1420 2480 1790 2544 oblationem
1826 2482 1890 2542 et
1919 2479 2388 2543 submissionem
2416 2478 2668 2559 prefatis
2713 2495 2783 2540 ac
2815 2474 3099 2540 omnibus

388 2563 527 2629 aliis
568 2566 632 2628 et
675 2566 954 2651 singulis,
1005 2566 1203 2644 dictis,
1248 2568 1429 2632 factis
1477 2570 1540 2631 et
1586 2568 1833 2632 traditis
1881 2586 1989 2650 per
2035 2567 2230 2630 dictos
2279 2565 2544 2629 sindicos
2587 2564 2932 2629 nominibus
2966 2564 3098 2646 qui-

394 2654 512 2718 bus
560 2674 763 2736 supra,
812 2656 1065 2739 ipsaque
1133 2657 1339 2721 omnia
1385 2659 1447 2721 et
1492 2658 1739 2741 singula
1790 2676 1901 2720 sua
1962 2656 2342 2738 benignitate
2402 2655 2738 2719 clementer
2799 2652 3098 2734 recipiens

393 2743 457 2805 et
500 2747 828 2825 acceptans
875 2763 980 2826 pro
1027 2764 1090 2808 se
1139 2748 1200 2809 et
1247 2746 1699 2809 successoribus
1747 2745 1872 2809 suis
1920 2746 1982 2808 et
2027 2744 2334 2808 communi
2380 2743 2798 2818 venetiarum,
2849 2741 2947 2804 dei
2991 2759 3098 2804 110·

392 2830 556 2894 mine
605 2830 902 2908 invocato,
946 2834 1146 2915 ipsam
1196 2832 1483 2912 insulam,
1523 2835 1753 2898 terram
1798 2835 1862 2897 et
1913 2832 2299 2907 districtum,
2364 2831 2643 2895 homines
2690 2833 2752 2893 et
2797 2828 3097 2893 universi-

394 2921 591 2982 tatem
638 2920 811 3002 Pagi,
856 2939 994 2985 cum
1043 2921 1327 2985 omnibus
1376 2925 1437 2985 et
1482 2921 1743 3004 singulis
1790 2921 2177 3003 supradictiS,
2234 2919 2347 2984 sub
2394 2937 2503 2983 suo
2549 2916 2852 2994 domini0,
2902 2915 3098 2981 fideli-

391 3007 542 3084 tate,
591 3008 1052 3090 gubernatione,
1105 3008 1403 3092 regimine
1469 3011 1536 3073 et
1592 3009 1969 3091 protectione
2030 3009 2486 3091 imperpetuum
2549 3006 2802 3071 admisit
2847 3007 2911 3069 et
2953 3022 3098 3088 gra-

396 3094 556 3158 ciose
603 3096 852 3178 recepit,
897 3096 1219 3161 intendens
1266 3098 1330 3160 et
1380 3098 1589 3162 volens
1634 3098 1915 3161 decetero
1961 3097 2126 3178 ipsos
2159 3114 2497 3170 commune,
2547 3094 3010 3159 universitatem
3034 3097 3099 3158 et

390 3183 668 3247 homines
715 3187 898 3261 terre,
946 3185 1142 3249 insule
1189 3187 1253 3249 et
1297 3184 1616 3250 districtus
1667 3186 1836 3268 Pagi,
1884 3189 2177 3266 tanquam
2225 3203 2367 3248 suos
2414 3202 2586 3249 caros
2619 3182 2828 3248 fideles
2860 3185 2923 3246 et
2954 3182 3099 3246 sub-

391 3270 554 3336 ditos
600 3272 864 3356 benigne
909 3292 1118 3356 regere
1165 3276 1229 3338 et
1267 3278 1473 3338 tenere
1535 3276 1597 3337 et
1654 3273 2072 3338 favorabiliter
2134 3275 2194 3336 in
2258 3271 2543 3336 omnibus
2603 3272 2979 3354 pertractare
3026 3288 3098 3334 ac

389 3358 664 3441 ipsorum
711 3362 775 3424 et
819 3361 1151 3426 cuiuslibet
1198 3381 1403 3425 eorum
1452 3364 1514 3425 et
1555 3363 1751 3426 tocius
1774 3361 1976 3425 insule
2002 3360 2230 3441 prefate
2273 3362 2523 3434 statum,
2573 3359 3095 3424 conservationem

393 3450 456 3511 et
497 3448 944 3512 incrementum
993 3452 1064 3513 ut
1108 3449 1467 3513 devotorum
1517 3450 1904 3514 subditorum
1953 3451 2016 3512 et
2064 3449 2332 3512 fidelium
2367 3449 2699 3529 gratiosius
2745 3465 3091 3530 procurare.

602 3536 763 3602 Acta
803 3533 949 3600 sunt
986 3537 1095 3602 hec
1139 3537 1426 3603 Veneciis
1471 3538 1531 3601 in
1575 3537 1705 3602 sala
1751 3537 2000 3601 maioris
2047 3536 2306 3612 consilii,
2354 3537 2740 3618 presentibus
2788 3534 3097 3599 nobilibus

392 3624 537 3688 viris
586 3624 829 3688 domiuo
876 3624 1209 3690 Hermolao
1256 3627 1415 3690 Zane
1477 3625 1817 3691 honorabili
1880 3624 2010 3689 cive
2060 3622 2498 3702 Veneciarum,
2547 3624 2791 3688 domino
2838 3622 3094 3687 Nicolao

395 3713 701 3776 Pistorino
747 3712 1007 3777 ducatus
1057 3714 1460 3778 veneciarum
1508 3712 1847 3779 honorabili
1892 3712 2293 3789 cancellariO,
2357 3732 2455 3776 ser
2499 3710 2782 3776 Nicolino
2832 3711 2905 3774 de
2951 3712 3099 3775 Fra-

391 3800 737 3883 ganeschiS,
799 3800 1119 3866 Jacobello
1180 3802 1473 3878 Venerio,
1533 3801 1744 3866 Marco
1809 3803 1963 3865 bono
2010 3801 2226 3865 scribis
2287 3801 2436 3864 dicti
2482 3801 2778 3879 ducatuS,
2840 3801 2904 3864 et
2950 3799 3093 3862 aliis

392 3888 673 3971 pluribus
719 3888 985 3953 testibus
1032 3891 1108 3954 ad
1154 3891 1266 3954 hec
1315 3890 1544 3954 vocatis
1591 3889 1940 3971 specialiter
1986 3891 2050 3953 et
2095 3887 2351 3972 rogatis

602 3978 669 4041 L.
718 3977 779 4042 S.
830 3977 962 4060 Ego
1009 3977 1319 4043 Johannes
1371 3976 1546 4054 Vido,
1614 3977 1924 4061 imperiali
1984 3977 2352 4041 auctoritate
2414 3976 2687 4040 notarius
2734 3976 2798 4039 et
2841 3975 3100 4040 ducatus

393 4064 801 4130 Veneciarum
848 4066 1067 4144 scriba,
1116 4067 1404 4148 predictis
1446 4066 1727 4130 omnibus
1773 4065 2029 4130 interfui
2076 4068 2137 4129 et
2183 4068 2435 4147 rogatus
2482 4063 2723 4146 scripsi.

474 4157 799 4216 Paetorum
844 4174 886 4215 u
923 4159 1138 4216 arkivu
1174 4159 1511 4217 m-letackom
1556 4159 1677 4230 knj.
1739 4158 1790 4216 V
1831 4158 1932 4227 81,
1969 4174 2006 4214 α
2051 4175 2091 4214 u
2138 4157 2366 4215 bebkom
2410 4156 2533 4227 knj.
2587 4155 2640 4213 V
2673 4157 2818 4215 204.

837 4346 1019 4427 xv.
1073 4346 1277 4429 eod.
1334 4347 1551 4429 1347.
1611 4346 1710 4429 22
1766 4346 2094 4447 srpnja,
2148 4368 2206 4426 u
2261 4344 2648 4427 metam.

390 4473 713 4547 Ουῑαέόηάιι
758 4490 817 4533 se
863 4475 1182 4534 laomornici
1216 4473 1420 4546 paikt',
1467 4473 1545 4531 da
1586 4491 1669 4531 na
1700 4474 1890 4545 javno
1939 4474 2052 4532 ime
2086 4473 2280 4545 prime
2334 4472 2544 4545 posjed
2582 4471 2776 4546 yrada
2820 4472 2842 4530 i
2882 4471 3102 4529 kotara

1594 4559 1885 4636 paakoya.

591 4682 942 4748 Sindicatus
985 4682 1185 4748 factus
1233 4682 1585 4746 camerariis
1632 4680 1787 4763 Pagi
1833 4699 1938 4762 pro
1987 4682 2267 4745 intrando
2314 4680 2379 4744 in
2411 4682 2696 4745 tenutam
2743 4683 2807 4745 et
2853 4695 3097 4758 posses-

390 4771 622 4836 sionem
667 4770 848 4854 Pagi.
897 4770 965 4834 In
1014 4770 1247 4836 Christi
1296 4769 1538 4834 nomine
1580 4788 1781 4834 amen.
1829 4770 2010 4834 Anno
2055 4769 2401 4834 nativitatls
2446 4769 2717 4833 eiusdem
2768 4763 3099 4832 millesimo
