3620 5282
2961 329 3092 394 415

691 497 1165 581 DLXVIII·
1224 499 1431 583 God.
1486 500 1715 583 1398.
1761 499 1856 582 27
1912 500 2053 601 ruj
2069 521 2204 597 na,
2261 523 2320 582 u
2377 500 2770 583 Mletclh.

374 609 680 704 Mletadica
725 644 905 701 vlada
950 643 1161 702 nalaie
1207 644 1525 703 nadelniku
1574 643 1797 710 Draco,
1845 645 1996 701 neka
2043 644 2189 715 knpi
2228 632 2403 713 Ιὸιιέα,
2455 662 2491 701 ιι
2539 645 2697 717 koioj
2729 646 2787 703 bi
2817 662 2890 704 za
2920 663 3103 722 svoya

471 734 665 792 iivotu
711 731 1025 791 stanovala
1087 730 1361 804 Vojslava
1407 732 1542 789 kc'er
1584 724 1735 803 pok.'
1774 729 2014 806 GJ'oryje
2070 730 2272 803 TopiJ'e
2319 732 2614 804 dradlcoya
2654 735 3016 807 yospodara.

596 852 779 916 1398.
822 852 1152 914 indictione
1200 850 1337 925 vn,
1388 849 1487 915 die
1535 850 1613 912 27
1664 850 2057 932 septembris.
2107 849 2432 932 Sapientes
2479 852 2760 914 ordinum
2813 853 3101 934 predicti.

381 939 610 1024 Capta:
654 940 904 1021 insuper
952 940 1093 1020 quia
1140 938 1518 1018 suplicatum
1564 938 1739 1002 nobis
1788 948 1882 1001 est
1930 956 2034 1019 pro
2086 946 2257 1019 parte
2305 939 2555 1003 domine
2619 939 2944 1022 Voyslave,
2996 961 3095 1004 so-

376 1031 534 1094 roris
580 1028 887 1109 quondam
941 1025 1175 1089 domini
1223 1025 1472 1107 Georgii
1523 1026 1713 1090 Tobie
1763 1026 1911 1088 olim
1947 1025 2179 1088 domini
2214 1025 2530 1103 Durachii,
2569 1030 2727 1108 quod
2763 1029 3101 1092 dominatio

296 1158 307 1165 -
375 1120 588 1182 nostra
638 1115 929 1197 dignetur
977 1113 1201 1176 habere
1246 1116 1594 1194 respectum
1644 1131 1752 1175 sue
1798 1113 2187 1188 conditionis,
2268 1114 2573 1189 videlicet,
2647 1117 2804 1196 quod
2855 1124 3103 1196 propter

376 1223 631 1287 parvam
680 1201 1110 1284 provisionem,
1161 1219 1340 1282 quam
1391 1200 1597 1273 habet,
1646 1200 1886 1264 scilicet
1933 1202 2293 1264 ducatorum
2345 1206 2590 1264 centurn
2645 1202 2701 1264 in
2765 1222 2941 1276 anne,
2990 1222 3099 1285 op-

375 1294 577 1374 portet
623 1291 711 1352 ire
762 1290 1150 1352 mendicante
1205 1288 1280 1351 de
1341 1288 1519 1351 domo
1587 1287 1646 1350 in
1717 1289 1993 1362 domum,
2066 1290 2130 1351 et
2194 1291 2517 1369 propterea
2562 1289 2855 1370 dignetur
2902 1292 3099 1355 eidem

376 1380 693 1461 providere
741 1379 816 1441 de
866 1395 986 1440 una
1033 1377 1215 1439 domo
1264 1393 1371 1457 pro
1441 1394 1551 1438 sua
1614 1375 2060 1448 habitatione3'
2101 1376 2271 1438 vadit
2335 1394 2494 1456 pai-8,
2560 1375 2717 1457 quod
2780 1380 3103 1441 mandetur

378 1467 603 1532 rectori
654 1469 864 1529 nostro
914 1463 1058 1527 dicti
1109 1462 1249 1537 loci,
1298 1464 1459 1544 quod
1510 1462 1848 1543 expendere
1894 1464 2118 1526 debeat
2163 1462 2420 1526 ducatos
2489 1465 2805 1545 sexaginta
2877 1467 2936 1527 in
2985 1485 3106 1529 una

376 1555 571 1629 domo,
621 1552 685 1615 in
736 1570 859 1634 qua
906 1553 1042 1631 ipsa
1087 1550 1331 1613 domina
1377 1550 1659 1613 habitare
1735 1552 1932 1631 possit
2010 1549 2066 1612 in
2146 1553 2276 1614 vita
2350 1569 2479 1624 sua,
2528 1554 2594 1613 et
2651 1552 2791 1631 post
2839 1555 3096 1627 mortem

378 1660 556 1706 suam
607 1640 933 1703 reducatur
1012 1639 1069 1701 in
1147 1655 1470 1701 commune
1544 1656 1652 1718 pro
1700 1638 2148 1719 complacentia
2193 1637 2385 1718 ipsius
2431 1639 2696 1703 domine.
2776 1640 2866 1702 De
2916 1644 3089 1720 parte

380 1747 594 1794 omnes
644 1728 771 1803 alii,
820 1727 895 1790 de
943 1743 1061 1789 non
1111 1725 1170 1802 6,
1221 1744 1334 1788 non
1385 1725 1604 1788 sinceri
1654 1723 1710 1786 Ο.

464 1836 644 1894 Misti
695 1834 932 1893 XLIV.
983 1836 1083 1907 64,
1132 1851 1172 1893 u
1218 1834 1375 1892 mlet.
1421 1834 1656 1891 arkivu.

652 2021 1051 2105 DLXIX.
1107 2020 1313 2104 Geel.
1371 2022 1589 2103 1392.
1649 2022 1755 2103 24
1807 2021 2258 2123 listopada,
2308 2046 2364 2103 u
2421 2023 2814 2106 Mletcih.

1049 2144 1319 2222 Odyovor
1361 2165 1444 2205 na
1481 2165 1662 2206 razna
1710 2148 1893 2205 molbe
1939 2149 2154 2206 dradke
2198 2149 2416 2208 obcinc.

589 2249 775 2314 1398.
823 2250 921 2314 die
968 2249 1176 2314 XXIV
1224 2250 1516 2314 octubris,
1567 2250 1797 2332 Capta:
1844 2269 1986 2314 cum
2034 2251 2157 2314 iam
2203 2251 2400 2313 multo
2447 2256 2723 2333 tempore
2781 2270 3103 2334 comparu-

375 2339 538 2404 erint
599 2339 675 2403 ad
739 2338 1113 2418 presentiam
1177 2338 1433 2401 dominii
1496 2338 1613 2401 duo
1670 2336 1945 2401 oratores
1993 2338 2459 2402 communitatis
2510 2340 2828 2414 Durachii,
2877 2343 3103 2421 produ-

378 2429 592 2491 centes
638 2426 847 2508 aliqua
893 2426 1181 2506 capitula,
1232 2425 1456 2506 quibus
1504 2425 1826 2506 requirunt
1870 2425 2098 2489 habere
2148 2427 2602 2506 responsionem
2650 2445 2685 2489 a
2733 2427 2944 2500 nobis;
2994 2447 3103 2492 va-

376 2513 469 2577 dit
516 2532 679 2595 pars,
731 2513 888 2594 quod
938 2512 1374 2593 respondeatur
1419 2513 1484 2575 et
1531 2512 1922 2593 provideatur
1970 2512 2048 2575 ad
2098 2514 2229 2593 ipsa
2260 2512 2533 2595 capitula
2568 2514 2989 2597 singulariter,
3031 2520 3103 2579 ut

377 2600 630 2666 inferius
670 2600 1037 2664 continetur.

591 2688 671 2751 Et
717 2689 939 2769 prime,
989 2689 1062 2751 ad
1112 2687 1376 2770 primum
1428 2689 1797 2769 capitulum,
1851 2707 1956 2768 per
2004 2686 2160 2770 quod
2211 2688 2586 2769 supplicant,
2638 2689 2798 2769 quod
2849 2709 2967 2755 una
2999 2709 3102 2772 pe-

380 2779 474 2841 cia
519 2775 706 2859 panni
754 2776 949 2838 nostri
996 2793 1345 2838 communis
1421 2774 1771 2848 scarlatina,
1846 2793 2029 2856 quarn
2094 2776 2477 2839 donaverunt
2540 2777 2601 2838 in
2669 2795 2878 2839 exemo
2942 2776 3101 2842 facto

377 2864 706 2948 Agubasse
751 2862 990 2939 turcho,
1070 2863 1425 2928 remittatur
1492 2869 1553 2924 et
1631 2864 1890 2925 donetur
1937 2863 2188 2935 eisdem,
2239 2881 2376 2925 cum
2428 2864 2556 2926 sint
2618 2864 2997 2943 pauperrimi
3039 2868 3102 2929 et

372 2952 733 3016 multotiens
772 2950 1071 3013 destructi
1106 2955 1170 3013 et
1201 2950 1548 3029 consumpti
1582 2969 1617 3012 a
1650 2948 1911 3012 'l'urchis
1957 2953 2020 3012 et
2069 2950 2251 3012 malis
2303 2951 2515 3013 vicinis
2563 2952 2723 3025 suis3
2774 2954 3101 3032 responde-

377 3043 537 3115 atur,
617 3036 774 3119 quod
852 3054 1066 3100 sumus
1142 3036 1410 3100 contenti
1489 3036 1606 3098 sibi
1684 3038 1999 3099 remittere
2047 3044 2112 3100 et
2157 3037 2382 3100 donare
2430 3037 2662 3119 peciam
2715 3040 3097 3103 antedictam

376 3124 580 3189 causis
625 3121 1080 3206 suprascriptis.

595 3210 694 3275 Ad
742 3213 1073 3274 secundum
1119 3209 1481 3293 capitulum,
1531 3228 1639 3291 per
1686 3210 1846 3291 quod
1894 3211 2131 3291 petunt,
2180 3209 2340 3289 quod
2390 3210 2687 3287 videatur,
2761 3216 2822 3273 et
2871 3213 3102 3277 exami-

380 3303 561 3364 netur
608 3317 768 3362 unus
817 3316 1034 3378 passus
1079 3299 1241 3378 apud
1289 3297 1609 3361 civitatem
1654 3297 1952 3360 Durachii
2001 3313 2107 3377 per
2154 3299 2423 3380 quinque
2476 3298 2746 3361 miliaria
2809 3302 3101 3377 existenS,

377 3388 447 3450 ut
491 3384 824 3449 fortificare
875 3386 1080 3464 possit,
1130 3385 1277 3467 quia
1322 3386 1439 3447 erit
1486 3397 1669 3466 parve
1716 3402 1975 3465 expense
2008 3391 2071 3446 et
2118 3403 2340 3465 magne
2375 3385 2668 3449 utilitatis
2703 3387 2865 3450 dicte
2900 3394 3100 3462 terre;

376 3474 838 3556 respondeatur,
888 3474 1041 3553 quod
1091 3471 1544 3535 committimus
1599 3471 1798 3536 baiulo
1847 3473 1910 3533 et
1987 3473 2305 3552 capitaneo
2385 3479 2596 3536 nostro
2679 3474 2972 3538 Durachii
3038 3479 3100 3538 et

376 3563 702 3643 capitaneo
746 3564 953 3622 nostro
999 3559 1165 3635 culfi,
1213 3560 1370 3640 quod
1418 3558 1481 3622 in
1525 3577 1635 3623 suo
1683 3560 1884 3622 reditu
1937 3559 2234 3621 Venecias
2283 3558 2409 3621 sint
2457 3560 2644 3623 simul
2694 3565 2757 3624 et
2801 3580 2943 3626 cum
2990 3582 3095 3626 su·

374 3647 731 3730 praeomitis
778 3647 926 3723 suis,
977 3651 1040 3709 et
1085 3646 1337 3709 videant
1380 3650 1444 3708 et
1489 3646 1842 3710 examinent
1885 3644 2250 3709 fortilicium
2291 3646 2692 3724 antedictum,
2728 3652 2787 3713 et
2821 3649 2948 3725 illa,
2985 3669 3100 3731 que

377 3736 452 3800 ad
502 3736 631 3799 eius
678 3733 1177 3797 fortificationem
1227 3733 1428 3796 forent
1475 3733 1839 3809 necessaria,
1889 3737 1953 3796 et
1999 3751 2347 3815 expensam,
2396 3752 2511 3815 que
2591 3739 2798 3816 posset
2843 3737 3097 3814 intrare,

377 3826 441 3888 et
487 3824 538 3886 si
589 3825 755 3885 esset
802 3822 956 3884 utile
1001 3821 1094 3884 vel
1142 3838 1281 3898 non,
1329 3825 1393 3883 et
1441 3821 1734 3883 similiter
1783 3819 2003 3884 laltera
2044 3821 2185 3898 (sic)
2230 3821 2281 3883 si
2330 3820 2459 3884 fieri
2506 3828 2729 3902 posset,
2807 3827 2870 3886 et
2917 3824 3095 3887 sorti-

374 3909 543 3974 ficari
593 3910 689 3974 vel
736 3927 874 3985 non,
924 3909 987 3971 et
1032 3927 1172 3971 cum
1217 3910 1450 3989 quanta
1493 3926 1758 3988 expensa
1803 3911 1868 3970 et
1910 3907 2215 3990 quomodo
2264 3911 2326 3969 et
2362 3910 2586 3981 omnia,
2634 3929 2749 3992 que
2796 3911 2960 3974 circa
2994 3912 3101 3974 illa

376 3996 580 4061 forent
625 3997 989 4072 necessaria,
1040 3999 1109 4058 ut
1157 3996 1216 4057 in
1267 4014 1374 4059 suo
1420 3995 1620 4058 reditu
1670 3995 1980 4076 possimus
2015 3994 2236 4057 habere
2270 3992 2765 4060 informationem
2818 3998 3096 4062 omnium

377 4085 815 4166 predictorum,
866 4092 925 4147 et
975 4083 1307 4164 providere,
1360 4083 1524 4145 sicut
1574 4082 1750 4145 nobis
1796 4081 1987 4145 fuerit
2033 4084 2466 4163 opportunum.

586 4169 683 4234 Ad
737 4171 997 4234 tercium
1046 4169 1408 4251 capitulum,
1460 4188 1563 4250 per
1610 4170 1765 4250 quod
1813 4167 2049 4232 faciunt
2093 4170 2470 4232 mentionem
2513 4169 2588 4233 de
2636 4171 3102 4236 consuetudini-

376 4255 490 4320 bus
541 4260 670 4321 suis
716 4258 837 4321 sibi
901 4255 1116 4322 fractis
1166 4277 1273 4337 per
1319 4275 1419 4320 ser
1465 4256 1796 4338 Mapheum
1845 4255 2187 4321 Gradonico
2253 4275 2315 4318 ιιι
2379 4256 2541 4320 sacto
2608 4257 2760 4321 salis
2810 4258 3099 4323 conducti

374 4346 450 4424 ad
498 4344 607 4408 illa
652 4348 929 4409 mercata
974 4344 1222 4407 aliunde
1269 4362 1451 4425 quam
1508 4345 1580 4407 de
1631 4344 1958 4420 Durachi0,
2006 4342 2445 4424 supplicantes,
2488 4346 2645 4426 quod
2694 4344 2803 4408 ille
2851 4364 3102 4410 serven-

372 4419 478 4498 tur
522 4431 792 4506 eisdem:
842 4432 1022 4495 detur
1066 4431 1408 4512 responsi0,
1457 4432 1615 4514 quod
1666 4431 1934 4493 intentio
1983 4434 2190 4495 nostra
2237 4432 2368 4494 erat
2415 4434 2478 4493 et
2523 4432 2611 4492 sic
2656 4450 2897 4496 servare
2946 4431 3098 4496 faci·

372 4537 566 4594 emuS,
616 4520 779 4600 quod
827 4521 1017 4583 donec
1062 4519 1127 4581 in
1174 4517 1485 4582 Durachio
1535 4518 1657 4580 erit
1702 4518 1776 4580 de
1828 4517 1956 4580 sale
2004 4535 2133 4592 sue,
2178 4516 2337 4580 alius
2386 4516 2479 4580 sal
2514 4535 2635 4581 non
2674 4519 2903 4599 poterit
2955 4537 3099 4581 con-

371 4607 511 4670 duci
555 4605 632 4669 ad
680 4608 886 4687 partes
932 4605 1078 4670 Lexi
1122 4606 1186 4668 et
1231 4604 1475 4670 Scutari
1536 4608 1599 4668 et
1671 4623 1780 4687 per
1840 4604 1982 4668 illas
2043 4602 2377 4680 flumerias,
2427 4621 2613 4685 quam
2660 4605 2734 4668 de
2783 4604 3094 4668 Durachio

368 4693 704 4757 secundum
750 4693 1069 4776 antiquam
1120 4693 1617 4768 cosuetudinen13
1700 4691 1940 4774 quando
2018 4693 2225 4754 autem
2297 4708 2411 4754 non
2464 4692 2628 4756 esset
2671 4692 2734 4756 in
2783 4690 3095 4758 Durachio
