3620 5282
2979 404 3068 469 55

354 586 546 648 ventre
591 582 832 648 civitati
872 582 1272 647 Veneciarum
1309 585 1371 646 et
1403 581 1871 644 universitatem
1906 579 2177 644 nostram
2212 577 2485 656 Duracii,
2534 578 2834 644 cabellam
2871 580 3064 661 ipsam

352 668 686 736 liberaliter
732 673 794 734 et
839 671 1114 753 gratiose
1159 669 1513 732 remisimus
1561 667 1759 750 quoad
1808 666 2212 731 mercationes
2260 667 2323 729 et
2368 666 2644 730 homines
2692 667 2855 730 dicte
2914 667 3066 730 civi·

352 755 501 820 tatis
542 759 949 823 veneciarum
998 758 1257 821 tantum.
1307 756 1389 819 Et
1434 755 1508 818 de
1555 754 1812 836 pecunia
1859 756 2074 818 exacta
2106 753 2338 817 eisdem
2373 754 2597 837 vestris
2631 754 3067 819 mercatoribus

349 843 451 907 hic
497 846 872 910 morantibus
914 863 1021 908 seu
1067 842 1476 917 venientibuS,
1524 842 1688 924 ipsos
1731 842 2242 906 contentavimuS.
2292 841 2450 904 Item
2483 841 2855 919 audivimuS‚
2905 841 3064 924 quod

351 932 738 996 Marchionus
787 931 1105 1012 Bonavita‚
1154 932 1257 1013 qui
1305 947 1540 993 moram
1589 930 1777 992 traxit
1824 928 1971 993 olim
2034 948 2174 992 cum
2237 929 2365 991 suis
2423 929 2907 993 mercationibus
2968 927 3069 990 hic

355 1018 617 1096 Duratii‚
688 1019 973 1095 asseruit,
1037 1036 1241 1083 coram
1304 1017 1479 1081 nobis
1541 1016 1796 1080 solvisse
1860 1017 1919 1078 in
1970 1014 2135 1079 dicta
2194 1014 2434 1078 cabella
2504 1016 2767 1080 multam
2815 1015 3067 1097 pecunie

351 1107 781 1187 quantitatem,
849 1108 912 1170 et
955 1106 1247 1188 inquisito
1310 1122 1418 1187 per
1473 1122 1583 1168 nos
1646 1103 1710 1166 et
1768 1102 2092 1167 cabellotis
2161 1101 2397 1166 cabelle
2438 1102 2633 1184 ipsius
2699 1102 3068 1176 invenimuS,

355 1212 568 1274 parum
636 1194 909 1269 solvisse,
971 1198 1033 1257 et
1094 1193 1310 1256 fecisse
1373 1190 1673 1254 rationem
1737 1209 1878 1254 cum
1943 1190 2050 1267 eie,
2119 1190 2222 1271 qui
2271 1188 2597 1253 tenebatur
2641 1190 2786 1254 dare
2833 1191 3067 1254 certam

352 1280 607 1361 pecunie
655 1281 1060 1363 quantitatem
1108 1279 1431 1344 cabellotis
1477 1278 1728 1352 eisdem,
1778 1296 1886 1359 pro
1935 1295 2054 1359 qua
2100 1276 2342 1339 dimisit
2401 1276 2502 1340 hic
2566 1277 2820 1341 fratrem
2888 1295 3067 1340 suum

350 1367 428 1431 ad
475 1368 978 1431 satissatiendum.
1027 1366 1146 1445 Qui
1197 1365 1462 1448 peractis
1510 1366 1695 1429 certis
1727 1364 1966 1440 diebuS,
2015 1363 2186 1427 nulla
2218 1363 2381 1427 facta
2415 1364 2742 1440 solucione,
2792 1366 3069 1428 recessit.

350 1452 601 1518 Placeat
664 1455 855 1536 igitur
915 1452 1316 1519 dominationi
1384 1455 1601 1528 vestre,
1667 1453 1947 1515 eumdem
2011 1451 2433 1514 Marchionum
2496 1452 2616 1514 huc
2686 1450 2952 1528 mittere,
3001 1459 3071 1515 ut

351 1541 586 1606 ratione
630 1543 902 1606 rehabita
950 1542 1109 1605 inter
1154 1561 1294 1604 eum
1342 1541 1407 1603 et
1451 1543 1691 1603 nostros
1737 1538 2093 1615 cabellotOS‚
2163 1537 2214 1602 si
2261 1537 2407 1620 quid
2455 1538 2593 1601 inde
2645 1537 2917 1615 solverit,
2981 1540 3068 1601 ta-

348 1629 574 1692 tiemus
621 1628 822 1710 ipsum
869 1628 1227 1693 contentari.

559 1716 987 1780 Intelleximus
1032 1715 1243 1792 etiam,
1292 1714 1452 1795 quod
1514 1714 1791 1778 homines
1858 1715 1930 1777 de
1991 1713 2262 1795 Ragusio
2324 1712 2810 1795 supplicaverint
2873 1712 3066 1789 nobis,

352 1802 578 1866 habere
629 1803 799 1866 illam
848 1802 1303 1867 immunitatem
1356 1804 1419 1865 et
1463 1802 1732 1885 gratiam
1781 1802 1943 1865 sicut
1985 1802 2049 1864 et
2079 1800 2240 1864 cives
2271 1800 2465 1863 nostri
2497 1799 2727 1863 habent
2758 1799 2819 1862 in
2861 1800 3070 1863 nostra

351 1889 601 1953 civitate
652 1890 916 1970 Duratii,
964 1890 1208 1972 placeat
1252 1888 1426 1953 nobis
1475 1907 1593 1951 non
1641 1887 2056 1951 intromittere
2103 1889 2175 1951 de
2219 1887 2471 1966 eisdem,
2518 1905 2658 1951 cum
2715 1886 3072 1950 intentionis

354 1980 556 2041 nostre
604 1978 690 2041 sit
734 1996 849 2040 non
899 1977 1010 2054 illi,
1077 1977 1183 2040 sed
1231 1976 1284 2040 si
1334 1975 1583 2040 vassalli
1631 1974 1882 2039 ducales
1930 1977 2136 2039 essent
2182 1974 2278 2038 vel
2324 1973 2510 2038 etiam
2558 1974 2884 2056 reginales,
2943 1972 3085 2037 dic-.

354 2066 480 2128 tam
541 2064 1003 2128 immunitatem
1068 2054 1322 2128 minime
1400 2062 1871 2127 concederemus
1918 2061 2033 2125 nisi
2082 2063 2323 2125 tantum
2380 2061 2605 2125 vestris
2666 2060 2920 2124 Venetis
3000 2061 3073 2123 de

353 2151 557 2230 gratia
618 2151 889 2233 speciali.
952 2152 1034 2214 Et
1090 2151 1235 2234 quia
1293 2169 1390 2214 ser
1436 2150 1915 2214 Francischinus
1975 2149 2050 2213 de
2097 2148 2361 2232 Georgio
2410 2149 2616 2214 noster
2660 2148 2884 2212 nobilis
2930 2165 3074 2211 con·

353 2238 525 2312 civis,
565 2238 928 2302 informatus
976 2240 1048 2315 de
1095 2238 1432 2302 intentione
1482 2239 1690 2300 nostra
1735 2257 1918 2318 super
1968 2236 2263 2319 predictis
2310 2237 2374 2301 et
2434 2236 2596 2313 aliis,
2651 2235 2819 2298 venit
2874 2234 3073 2298 Vene-

352 2325 498 2399 cias,
563 2325 762 2406 ipsum
826 2344 933 2407 pro
998 2327 1172 2406 parte
1226 2326 1437 2390 nostra
1502 2325 1692 2388 libeat
1765 2325 2069 2388 exaudire.
2150 2321 2461 2406 Scriptum
2526 2322 2822 2387 Durachii
2895 2321 3075 2385 XVII

357 2411 566 2483 madii,
613 2413 808 2493 prime
855 2413 1227 2477 indictionis.

448 2499 1014 2562 Commemorialium
1072 2503 1215 2563 1⁷11.
1269 2505 1368 2570 16,
1409 2521 1451 2560 u
1495 2504 1648 2562 mlet.
1698 2503 1927 2561 arkivu.

743 2688 1070 2772 xcvll.
1125 2691 1332 2774 God.
1386 2691 1612 2773 1363.
1669 2692 1769 2772 10
1824 2690 2134 2792 Imma,
2191 2712 2245 2770 u
2301 2689 2689 2771 Mletcih.

564 2831 900 2897 Ordinatur
931 2832 1249 2913 capitaneo
1280 2832 1509 2914 culphi,
1559 2833 1716 2914 quod
1762 2831 2035 2913 requirat
2059 2849 2095 2894 a
2127 2848 2267 2912 rege
2293 2829 2539 2896 Siciliae
2585 2829 3075 2895 satisfactionem

354 2922 716 2984 damnorum
766 2938 864 2984 an.
920 2918 1088 2982 1354
1147 2918 1465 2983 illatorum
1528 2920 1762 2983 venetis
1810 2918 2074 2982 subditis
2138 2937 2244 2999 per
2306 2916 2659 2980 Nicolaum...
2698 2917 2940 2981 Boctuli
3003 2917 3080 2981 de

353 3007 630 3160 ἕᾶῖῐῗῑέαα
661 3009 757 3079 „in
818 3025 969 3071 auro
1016 3009 1079 3070 et
1143 3008 1396 3089 argento
1455 3007 1722 3071 caricato
1783 3005 1844 3069 in
1911 3007 2173 3088 quadam
2238 3004 2441 3080 barca,
2502 3022 2618 3085 que
2681 3004 2966 3069 veniebat
3004 3004 3082 3067 de

441 3202 619 3260 Misti
671 3202 902 3260 XXXI
939 3204 1044 3268 20,
1091 3219 1133 3258 u
1177 3201 1329 3260 natet.
1376 3202 1608 3259 arkivu.

729 3388 1106 3469 xcvul.
1160 3386 1367 3469 eon.
1421 3388 1646 3470 1363.
1702 3390 1788 3468 11
1845 3387 2153 3488 nana,
2207 3408 2267 3467 u
2320 3386 2707 3467 Mleoeih.

362 3530 756 3606 Odpravljene
796 3532 980 3605 yalq’je
1016 3532 1182 3603 proti
1210 3531 1565 3602 Omssnnom,
1616 3533 1739 3604 koji
1784 3549 1859 3591 su
1904 3531 2077 3590 robilt‘
2124 3529 2367 3588 brodove
2394 3547 2478 3601 po
2501 3546 2686 3597 moru,
2735 3546 2773 3587 a
2806 3534 2862 3588 to
2896 3531 3089 3589 uslied

353 3620 589 3690 prt'jave
654 3619 1015 3691 mletadkoya
1078 3619 1329 3676 konsula
1376 3636 1417 3675 u
1463 3619 1711 3678 Kolone.
1783 3619 1943 3693 Toqa
2003 3618 2141 3675 radi
2202 3634 2264 3675 se
2308 3616 2457 3689 §alie
2502 3633 2545 3673 u
2587 3615 2863 3689 Uqarsku
2909 3619 3090 3689 javni

1047 3705 1339 3778 biljebnik,
1387 3707 1539 3763 neka
1583 3723 1645 3764 se
1690 3707 1891 3778 kralju
1937 3723 1969 3763 0
2017 3710 2130 3763 tom
2168 3703 2396 3777 potubi.

579 3807 762 3871 1363.
811 3806 1141 3871 indictione
1189 3806 1407 3888 prima,
1456 3807 1555 3869 die
1603 3807 1689 3870 Xl
1727 3808 1900 3870 iunii.
1950 3805 2267 3887 Sapientes
2301 3806 2619 3870 ordinum:
2665 3824 2763 3868 ser
2810 3802 3092 3869 Andreas

361 3895 642 3971 Veneri0,
711 3915 809 3958 ser
869 3895 1122 3958 Marcus
1169 3893 1544 3970 ι1031101000,
1608 3914 1704 3956 sei·
1766 3895 1987 3957 Petrus
2054 3893 2385 3956 Dalmerio.
2461 3893 2684 3975 Capta:
2746 3889 2907 3974 quod
2973 3891 3096 3956 ista

361 4000 536 4055 nova,
585 4001 701 4064 que
748 3983 960 4047 habita
1007 3987 1149 4047 sunt
1208 3983 1382 4045 modo
1447 4000 1482 4045 a
1529 3983 1776 4046 consule
1827 3981 2079 4045 Gathar-i
2129 3982 2203 4044 de
2270 3980 2393 4044 illis
2457 3982 2531 4044 de
2596 3978 2924 4054 Dalmisia,
2988 3978 3094 4060 qui

361 4070 664 4133 derobant
709 4070 956 4152 navigia
1002 4075 1369 4146 nostrorum,
1420 4070 1771 4134 scribantur
1813 4069 2132 4150 capitaneo
2175 4069 2338 4144 culfi,
2388 4068 2486 4131 cui
2520 4068 2864 4142 mandatur,
2915 4065 3094 4147 quod,

360 4156 641 4237 expedito
716 4159 786 4219 de
855 4156 1132 4238 partibus
1196 4157 1407 4222 Sicilie
1473 4175 1581 4239 pro
1648 4157 1942 4221 veniendo
1988 4158 2063 4219 ad
2108 4155 2363 4232 culfum,
2411 4154 2648 4232 debeat,
2714 4154 2767 4218 si
2825 4153 2883 4216 ei
2930 4151 3100 4217 vide-

362 4244 531 4306 bitur
575 4244 689 4308 hoc
738 4243 933 4307 facere
972 4262 1152 4326 posse
1201 4244 1333 4308 sine
1383 4245 1638 4308 notabili
1684 4244 1908 4307 damno
1956 4246 2166 4307 nostro
2202 4245 2267 4306 et
2297 4243 2682 4325 navigiorum
2743 4242 3095 4306 nostrorum

361 4332 425 4392 et
471 4330 638 4409 culfi,
707 4336 1038 4394 secundum
1088 4350 1263 4408 nova,
1311 4350 1426 4413 que
1488 4331 1763 4409 haberet,
1829 4329 2075 4395 mittere
2137 4330 2211 4394 ad
2274 4330 2474 4393 dictas
2531 4332 2735 4410 partes
2799 4329 2949 4392 duas
3003 4326 3098 4392 vel

367 4421 492 4482 tres
540 4417 614 4481 de
663 4418 791 4482 suis
838 4419 1033 4501 galeis
1076 4419 1240 4493 culfi,
1289 4418 1586 4494 fatiendo,
1654 4420 1812 4501 quod
1853 4419 1914 4482 in
1978 4418 2090 4482 hoc
2153 4435 2407 4480 numero
2468 4416 2594 4479 sint
2662 4435 2760 4480 ser
2806 4414 3101 4479 Nicolaus

369 4504 625 4569 Faledro
662 4509 726 4570 et
772 4525 870 4569 ser
911 4505 1191 4570 Andreas
1239 4507 1556 4571 Loredano
1618 4527 1755 4570 cum
1801 4507 1931 4570 suis
1977 4505 2194 4590 galeiS‚
2245 4503 2590 4568 mandando
2661 4503 2750 4566 eis
2796 4521 3100 4582 expresse,

366 4592 522 4674 quod
573 4612 642 4656 se
686 4595 932 4676 portent
979 4594 1040 4656 in
1092 4595 1269 4676 aquis
1317 4594 1444 4658 illis
1494 4613 1602 4676 pro
1647 4594 1986 4658 securitate
2034 4593 2380 4658 nostrorum
2430 4592 2495 4655 et
2543 4589 3108 4672 navigiorum-suo-

365 4698 503 4743 rum
553 4683 619 4744 et
664 4682 929 4745 tremore
979 4682 1432 4762 predictorum3
1486 4683 1548 4745 et
1595 4682 1648 4743 si
1695 4680 1902 4762 aliquo
1951 4700 2096 4745 casu
2146 4677 2456 4744 sent-irent
2500 4677 2563 4741 in
2611 4677 2770 4741 mari
2803 4675 2932 4739 fieri
2969 4694 3104 4739 cnr-

362 4785 470 4830 sus
521 4768 614 4831 vel
663 4767 926 4850 piratica
971 4787 1080 4851 per
1127 4767 1268 4833 illos
1317 4768 1390 4832 de
1437 4767 1744 4832 Dalmisia
1789 4768 1885 4832 vel
1917 4767 2073 4831 alias
2115 4783 2426 4850 personaS,
2475 4764 2804 4842 offendant,
2849 4760 3108 4844 puniant
