3620 5282
3132 344 3216 411 51

487 516 684 580 tracte
727 532 836 597 pro
884 515 1286 580 extimatione
1327 535 1437 598 per
1481 517 1635 582 duos
1683 517 1845 582 viros
1892 515 2139 582 idoneos
2201 516 2541 601 elligendos
2601 537 2707 600 per
2768 535 2876 583 nos
2938 520 3004 584 et
3062 519 3219 585 duos

485 602 827 685 elligendos
876 622 981 685 per
1027 606 1247 667 ducem
1293 606 1356 667 et
1398 622 1720 668 commune
1767 605 2080 687 predictos
2126 606 2343 681 fienda,
2416 604 2679 670 vendere
2748 606 3092 684 teneantur,
3156 609 3222 672 et

487 692 646 771 quod
694 708 910 755 omnes
951 691 1363 772 possessiones
1405 691 1630 754 Marini
1678 693 1751 756 de
1790 690 2110 755 ‘Canaruto
2156 694 2220 756 et
2263 694 2422 757 Zone
2468 692 2545 756 de
2592 691 2820 771 Pizolo,
2885 711 3040 775 quas
3106 694 3220 759 ha-

489 777 637 840 bent
683 776 746 840 in
792 777 984 843 Jadra
1027 779 1092 841 et
1138 779 1201 841 in
1247 777 1386 841 aliis
1433 778 1584 842 locis
1632 780 1836 842 nostre
1881 778 2296 844 iurisdictioni
2343 779 2659 861 subjectis,
2706 779 2935 844 eisdem
2982 781 3223 862 integre

491 864 919 941 restituantur,
964 864 1053 928 sic
1108 866 1268 947 quod
1313 864 1377 929 in
1421 863 1611 930 Jadra
1670 865 1769 930 vel
1829 866 1958 929 eius
2022 866 2308 931 districtu
2359 885 2500 930 cum
2564 866 2693 930 suis
2763 868 3040 949 personis
3102 887 3222 933 non

489 952 736 1016 valeant
765 953 1060 1032 habitare,
1110 951 1387 1033 quodque
1432 969 1645 1017 omnes
1677 952 1891 1017 fideles
1924 954 1987 1016 et
2021 954 2253 1038 subditi
2286 953 2586 1018 dictorum
2618 998 2632 1014 .
2663 1000 2678 1014 .
2708 1004 2721 1017 .
2751 953 2923 1018 ducis
2956 955 3019 1019 et
3053 972 3223 1019 com-

491 1040 695 1103 munis
741 1039 803 1102 in
851 1040 1033 1102 terris
1080 1042 1140 1101 et
1185 1039 1337 1102 locis
1383 1047 1588 1103 nostre
1631 1039 2039 1104 dominationi
2108 1040 2514 1124 suprapositis
2576 1042 2924 1105 tractentur
2983 1040 3223 1107 favora-

492 1126 702 1191 biliter
747 1130 811 1190 et
856 1126 1137 1209 benigne.
1187 1124 1390 1204 Quare
1437 1145 1578 1190 cnm
1627 1146 1730 1190 vos
1777 1130 1988 1191 contra
2035 1127 2294 1192 formam
2345 1130 2505 1193 dicte
2552 1128 2720 1211 pacis
2762 1128 2825 1192 in
2858 1145 3221 1211 unoquoque

490 1213 980 1295 supradictorum
1030 1232 1306 1289 casuum,
1356 1215 1518 1277 sicut
1563 1214 1686 1278 fida
1736 1213 2032 1278 relatione
2072 1214 2420 1293 didicimus,
2468 1214 2802 1281 videamini
2863 1215 3219 1298 deliquisse,

492 1300 855 1365 mandamus
900 1301 1188 1365 fidelitati
1237 1302 1440 1365 vostre
1489 1299 1750 1365 firmiter
1798 1304 1863 1366 et
1908 1302 2208 1378 districte,
2267 1306 2572 1384 quatenus
2634 1304 2763 1380 illa,
2828 1322 2946 1386 que
3007 1306 3222 1369 contra

473 1390 770 1452 ,nostrum
818 1389 1112 1453 honorem
1160 1388 1460 1471 premisso
1506 1391 1681 1451 modo
1728 1390 2085 1466 comisistiS‚
2135 1389 2348 1453 taliter
2404 1389 2676 1454 debeatis
2740 1388 3093 1469 reformare,
3154 1392 3227 1456 ut

491 1475 609 1537 dux
658 1478 721 1539 et
765 1493 1088 1540 commune
1134 1476 1463 1558 prenotati,
1514 1475 1736 1556 quibus
1784 1496 1891 1557 per
1937 1495 2043 1540 nos
2076 1478 2380 1559 premissa
2411 1476 2829 1559 disposuimus
2874 1478 3050 1541 illesa
3082 1496 3227 1543 con·
3294 1518 3297 1523 -
3368 1478 3385 1507 ¹

493 1580 757 1640 servare,
807 1582 924 1627 non
970 1563 1240 1627 habeant
1285 1562 1544 1626 ulterius
1592 1562 1667 1625 de
1716 1564 1888 1627 vobis
1933 1582 2180 1628 causam
2230 1563 2611 1646 querellaudi
2673 1564 2867 1628 uobis.
2935 1563 3225 1629 Ceterum

494 1650 796 1728 volumuS,
847 1652 919 1714 ut
962 1652 1266 1715 terminus
1313 1668 1417 1712 sex
1466 1651 1804 1728 mensium,⁶
1844 1669 2022 1732 quem
2070 1649 2222 1715 dicti
2272 1651 2492 1714 Veneti
2537 1651 2771 1716 habent
2833 1650 2909 1715 ad
2957 1651 3227 1715 venden-

493 1736 637 1801 dum
684 1738 1102 1820 possessiones
1142 1756 1285 1801 suas
1356 1738 1521 1801 intra
1568 1756 1775 1802 muros
1838 1738 2108 1801 civitatis
2168 1737 2359 1803 Jadre
2422 1739 2844 1815 consistentes,
2907 1737 2996 1801 eis
3054 1737 3226 1802 nullo

492 1824 669 1887 modo
718 1825 1074 1905 preiudicet,
1123 1825 1272 1889 licet
1317 1824 1402 1887 sit
1448 1824 1716 1906 elapsuS,
1767 1825 2092 1907 presertim
2140 1843 2283 1889 cum
2332 1828 2539 1889 nostre
2587 1826 2672 1889 sit
2717 1824 3098 1899 intentionis,
3156 1828 3229 1889 ut

491 1909 645 1991 ipsis
692 1912 945 1977 Venetis
990 1915 1063 1976 de
1110 1911 1406 1995 predictis
1453 1930 1661 1975 eorum
1713 1912 2204 1995 possessionibus
2252 1913 2640 1995 integraliter
2698 1910 2983 1989 satisfiat,
3048 1930 3225 1978 secus

490 1997 683 2079 igitur
727 1998 789 2063 in
836 2000 1155 2081 premissis
1198 1999 1394 2064 facere
1441 2016 1562 2062 non
1610 2000 1837 2063 ausuri.
1890 2000 2054 2063 Data
2099 2003 2214 2063 etc.

704 2085 838 2171 (Ex
887 2090 1067 2169 terg
1088 2088 1172 2170 0.)
1222 2085 1543 2151 Fidelibus
1588 2086 1717 2150 suis
1766 2088 2013 2151 dilectis
2061 2087 2420 2164 rectoribuS,
2467 2086 2724 2151 consilio
2785 2089 2850 2152 et
2910 2086 3225 2151 communi

491 2173 768 2238 civitatis
815 2173 1005 2239 Jadre
1052 2175 1156 2238 dd.

581 2279 1128 2342 Commemoralium
1179 2282 1280 2342 VI.
1331 2285 1477 2359 149,
1526 2302 1568 2343 u
1613 2283 1771 2342 mlet.
1821 2284 2059 2342 arkivu.

779 2471 1331 2552 Lxxxvlll.
1389 2470 1595 2553 God.
1650 2470 1878 2557 1362.
1932 2472 2029 2552 16
2078 2470 2360 2570 ruma,
2412 2492 2470 2552 u
2525 2471 2918 2558 Mletcih.

484 2615 782 2675 Hrvatslci
827 2616 945 2675 ban
988 2614 1258 2691 medodi,
1307 2616 1388 2675 da
1433 2632 1507 2674 su
1547 2633 1628 2689 qa
1673 2616 1968 2675 Mletcani
2013 2616 2284 2675 namirili
2326 2631 2401 2676 za
2446 2616 2591 2675 brod
2648 2617 2674 2675 i
2715 2618 2910 2678 stvari
2962 2633 3006 2677 u
3064 2618 3222 2691 njem

1063 2720 1124 2762 se
1168 2704 1461 2773 ηαῑαεεὲε,
1506 2704 1597 2762 §to
1643 2721 1742 2762 mu
1788 2704 1972 2774 bjahu
2016 2704 2278 2776 uzapc‘ili
2321 2705 2346 2761 i
2380 2704 2645 2777 prodaIi.

703 2823 891 2887 1362.
943 2822 1065 2886 ind.
1121 2822 1216 2901 15,
1266 2824 1362 2885 die
1420 2822 1494 2884 16
1542 2822 1934 2924 septembris,
1985 2821 2283 2897 VenetiiS,
2336 2823 2724 2916 presentibus
2785 2823 2901 2887 etc.
2973 2822 3218 2906 „ibique

483 2931 581 2976 ser
625 2911 935 2975 Johanues
983 2910 1241 2973 condam
1290 2929 1390 2973 ser
1437 2909 1622 2986 Galli,
1673 2910 1830 2974 civis
1871 2909 2081 2988 Jadre,
2131 2912 2488 2990 procurator
2534 2913 2598 2972 et
2640 2896 2897 2975 huntius
2930 2909 3217 2991 specialis

485 2997 798 3080 magnifici
856 2998 1085 3061 domini
1150 2996 1392 3061 Nicolai
1455 2996 1530 3061 de
1579 2959 1774 3060 Z'eech
1828 2997 2147 3060 Dalmacie
2208 3000 2273 3059 et
2333 2995 2581 3060 Croacie
2645 2996 2832 3060 banni
2889 2998 2964 3061 ad
3028 2996 3221 3062 infra-

482 3085 714 3167 scripta
744 3084 1062 3148 exercendi
1095 3084 1449 3166 specialiter
1494 3086 1891 3159 constitutuS,
1926 3085 2009 3149 ,ut
2048 3085 2290 3148 constat
2324 3083 2735 3146 instrumento
2767 3085 3218 3165 procurationis

483 3173 716 3254 scripto
763 3190 869 3251 per
914 3172 1198 3236 Blazium
1249 3172 1401 3235 Brez
1448 3171 1757 3235 notarium
1808 3173 1874 3235 et
1918 3170 2107 3235 Jadre
2156 3171 2425 3233 iuratum
2473 3187 2632 3233 anno
2687 3169 2873 3247 1362,
2938 3171 3063 3236 ind.
3120 3172 3215 3249 15,

482 3260 581 3324 die
631 3259 969 3341 penultimo
1018 3260 1246 3323 mensis
1293 3258 1466 3334 iunii,
1514 3258 1634 3323 fuit
1679 3257 1992 3323 confessus
2039 3278 2105 3321 se
2146 3257 2315 3334 ,dicto
2357 3258 2598 3321 nomine
2646 3257 2935 3321 habuisse
3004 3260 3067 3323 et
3124 3279 3223 3323 re-

481 3347 720 3430 cepisse
767 3345 844 3409 ab
891 3345 1257 3410 officialibus
1310 3346 1814 3409 extraordinariis
1847 3346 2190 3410 communis
2223 3344 2624 3410 Venetiarum
2659 3344 2820 3409 libra
2861 3343 2964 3423 59,
3016 3345 3220 3411 soldos

483 3435 717 3510 decem,
765 3451 1008 3514 grossos
1053 3434 1333 3516 quatuor,
1381 3452 1598 3514 parvos
1648 3433 1801 3496 XXI
1862 3433 2252 3497 denariorum
2318 3435 2674 3496 venetorum
2737 3449 3096 3515 grossorum
3158 3433 3222 3498 in

482 3540 650 3592 auro,
713 3523 775 3583 et
835 3520 951 3583 hoc
1004 3539 1111 3601 pro
1174 3519 1417 3602 integra
1479 3524 1543 3583 et
1605 3519 1785 3600 plena
1846 3521 2171 3596 solutione,
2230 3517 2622 3583 restitutione
2692 3520 2756 3583 et
2798 3518 3222 3585 satisfactione

486 3609 665 3672 unius
723 3607 988 3671 barcosii
1050 3606 1270 3687 prefati
1337 3607 1561 3670 domini
1632 3607 1840 3684 banni,
1890 3607 2063 3671 cuius
2112 3608 2247 3671 erat
2292 3608 2586 3688 patronus
2647 3605 2963 3672 Johannes
3024 3605 3220 3673 Cresii

482 3695 557 3759 de
601 3693 812 3770 Jadra,
857 3695 920 3757 et
974 3694 1174 3757 oneris
1220 3692 1372 3756 dicti
1422 3692 1750 3768 barchosii,
1799 3695 1961 3776 quod
2007 3713 2158 3759 onus
2220 3695 2353 3758 erat
2417 3693 2572 3775 doge
2632 3695 2695 3757 et
2756 3711 2992 3773 caseuS,
3059 3694 3220 3775 quod

484 3781 732 3864 quidem
782 3781 1179 3846 barchosium
1227 3799 1365 3844 cum
1412 3779 1580 3843 dicto
1628 3798 1807 3844 onere
1856 3780 1979 3845 fuit
2026 3783 2335 3846 retentum
2384 3780 2697 3845 Venetiis“
2751 3782 2870 3844 etc.

572 3887 1139 3949 Commemorialium
1200 3884 1345 3949 VII.
1394 3888 1453 3957 8,
1500 3905 1542 3945 u
1588 3888 1743 3966 nolet.
1793 3889 2026 3949 arkivu.

719 4034 1208 4175 Lxxxlx.
1262 4091 1469 4175 coo.
1523 4090 1746 4174 1362.
1801 4092 1852 4175 s
1907 4091 2402 4190 studenoga,
2457 4113 2515 4172 u
2569 4087 2963 4176 metam.

483 4238 748 4298 Isabran
791 4238 987 4306 odbor,
1034 4237 1115 4296 da
1158 4236 1391 4296 razvidi
1435 4236 1459 4293 i
1495 4234 1770 4308 predloye
1815 4234 2037 4307 stavlia
2081 4250 2113 4292 o
2159 4233 2407 4311 ειυανὲἠ,
2454 4232 2584 4306 koJ'e
2628 4232 2688 4290 bi
2730 4247 2793 4291 se
2816 4233 2990 4294 cicala
3030 4233 3208 4312 Istre,

1512 4321 1776 4396 Uqarske
1821 4322 1845 4380 i
1881 4320 2199 4394 SlavoniJ'e.

697 4443 883 4508 1362.
925 4443 1258 4508 indictione
1303 4440 1522 4523 prima,
1572 4440 1672 4504 die
1738 4440 1779 4503 3
1838 4440 2209 4516 novembris,
2274 4439 2488 4518 capta:
2551 4439 2707 4519 quod
2769 4456 2956 4521 super
3023 4439 3203 4508 factis

481 4531 684 4607 Istrie,
731 4531 1050 4613 Hungarie
1096 4531 1159 4593 et
1201 4528 1517 4593 Sclavonie
1565 4528 1874 4609 eligantur
1931 4530 2058 4591 tres
2107 4524 2415 4607 sapientes
2478 4525 2540 4588 in
2588 4525 2709 4589 isto
2759 4525 3032 4608 consilio,
3097 4531 3201 4611 qui
3318 4563 3333 4592 ι

478 4619 850 4696 examinent,
897 4617 1259 4700 provideant
1305 4619 1368 4680 et
1411 4617 1559 4680 dent
1606 4615 1781 4679 nobis
1829 4632 2007 4677 suum
2059 4612 2383 4677 consilium
2430 4611 2494 4674 in
2543 4611 2790 4693 scriptis
2830 4631 3016 4695 super
3067 4634 3199 4680 om-

479 4704 661 4771 nibus
709 4707 773 4770 et
816 4705 1081 4787 singulis
1126 4704 1553 4786 spectantibus
1600 4702 1674 4765 ad
1722 4701 1926 4764 dictas
1975 4701 2201 4781 partes,
2266 4717 2406 4763 cum
2468 4715 2589 4779 quo
2658 4699 2889 4763 erimus
2951 4700 3073 4777 hic,
3138 4702 3202 4765 et

2746 4801 2784 4842 ιιι
