3620 5282
2944 371 3078 438 275

346 563 446 610 am
489 545 718 611 habere
762 545 1092 628 potuerint,
1141 545 1351 610 tamen
1399 547 1551 609 moti
1598 545 1841 610 sincera
1886 545 2154 613 caritate
2213 547 2445 624 nostra,
2511 564 2701 629 quam
2769 545 3074 620 indefesse

347 633 573 698 habere
621 633 1000 698 intendimus
1046 630 1124 696 ad
1173 634 1701 698 conservationem
1770 635 1974 698 status
2041 636 2155 712 sui,
2229 634 2525 699 timentes
2573 633 2758 698 dubia
2800 634 2866 697 et
2909 635 3075 715 peri-

347 720 504 797 cula,
574 740 693 803 que
760 720 980 784 iuditio
1047 723 1257 784 nostro
1324 719 1529 784 videre
1599 722 1899 799 videmur,
1973 721 2023 785 si
2097 683 2263 786 filius
2324 722 2583 787 condam
2629 720 2861 785 domini
2906 719 3076 803 regis

345 807 560 873 Karoli
603 808 871 872 intraret
917 807 1320 885 Dalmatiam,
1370 808 1851 873 deliberavimus
1908 809 2045 890 ipsa
2087 811 2267 892 parte
2312 809 2756 875 serenitatibus
2804 808 2931 872 suis
2980 806 3078 872 fa-

347 912 482 960 cere
529 895 879 972 manifesta,
930 897 1003 959 ut
1047 897 1289 977 possint
1325 898 1469 959 ante
1515 898 1761 977 tempus
1810 912 2149 975 occurrere,
2198 901 2261 961 et
2307 897 2397 961 sic
2427 897 2805 961 sufficienter
2842 895 2917 960 de
2949 895 3077 959 uti-

345 981 507 1048 libus
554 985 619 1048 et
663 981 1029 1047 necessariis
1077 981 1352 1046 rimediis
1400 983 1734 1064 providere,
1782 983 1950 1066 quod
1994 1001 2117 1048 non
2165 985 2494 1049 occurrant
2522 984 2750 1067 aliqua,
2793 1000 2910 1065 que
2944 983 3077 1047 sint

348 1071 539 1135 statui
585 1088 697 1134 suo
742 1068 1166 1151 importabilia
1212 1068 1309 1134 vel
1356 1070 1639 1135 molesta.

551 1157 637 1221 Et
678 1157 970 1239 expositis
1017 1156 1330 1238 predictis,
1379 1174 1451 1220 ac
1497 1157 1713 1223 habita
1756 1158 2150 1238 responsione
2197 1158 2274 1222 ab
2323 1158 2475 1239 ipsis
2524 1156 2774 1223 domino
2818 1175 2963 1240 rege
3010 1156 3081 1221 et

343 1243 595 1308 domina
657 1246 888 1326 regina,
954 1245 1209 1309 reddeas
1275 1244 1590 1322 Venetiae,
1639 1251 1887 1326 sumpto
1933 1245 2249 1310 amicabili
2300 1249 2604 1322 comeatu,
2649 1263 2835 1328 quam
2883 1244 3075 1308 citius

339 1332 572 1412 poteris
617 1332 691 1395 de
738 1333 1026 1397 omnibus
1070 1330 1457 1396 informatus.

553 1418 620 1486 Si
667 1438 808 1484 vero
856 1420 985 1499 ipse
1027 1418 1309 1483 dominus
1358 1437 1462 1483 rex
1512 1419 1609 1498 vel
1657 1418 1906 1483 domina
1952 1420 2186 1502 regina,
2230 1419 2424 1487 donec
2464 1420 2552 1484 ibi
2598 1419 2742 1496 eris,
2793 1418 3075 1484 dicerent

340 1505 457 1569 tibi
503 1506 603 1571 vel
646 1505 918 1571 facerent
964 1506 1235 1589 aliquam
1284 1508 1663 1571 mentionem
1708 1508 1782 1570 de
1832 1506 2012 1571 factis
2074 1508 2412 1581 Dalmatio,
2475 1506 2574 1572 vel
2633 1506 2711 1570 de
2758 1506 3074 1589 aliquibus

340 1593 503 1670 aliis,
543 1613 658 1675 que
727 1596 981 1676 possent
1027 1596 1306 1674 spectare
1354 1596 1416 1657 et
1466 1597 1721 1677 tangere
1769 1595 2007 1659 statum
2057 1597 2361 1675 nostrum,
2409 1594 2635 1659 debeas
2685 1592 3073 1675 respondere,

339 1681 501 1763 quod
550 1700 736 1763 snper
779 1681 1013 1745 talibus
1060 1679 1308 1745 nullum
1357 1683 1722 1747 mandatum
1776 1681 1968 1747 habes
2015 1699 2053 1747 a
2097 1682 2292 1760 nobiS,
2345 1700 2458 1746 nec
2516 1681 2716 1745 ullam
2764 1680 3076 1761 responsi-

336 1785 515 1832 onem
564 1769 708 1833 dare
755 1787 985 1851 possse,
1034 1770 1140 1832 sed
1188 1768 1241 1831 si
1281 1767 1485 1850 placet
1531 1769 1969 1833 maiestatibus
2017 1771 2146 1834 suis
2192 1770 2406 1852 aliqua
2452 1769 2568 1834 tibi
2615 1768 2942 1833 comittere
2973 1767 3077 1834 vel

337 1854 558 1933 dicere,
606 1856 724 1938 ipsi
772 1857 1032 1938 possunt
1077 1855 1300 1932 dicere,
1341 1874 1729 1939 quecumque
1776 1857 1866 1920 eis
1914 1855 2182 1936 placent,
2232 1859 2380 1940 quia
2428 1858 2497 1921 tu
2545 1856 2761 1920 venies
2812 1856 2888 1920 ad
2934 1873 3079 1937 pre-

336 1942 606 2007 sentiam
642 1948 938 2021 nostram,
989 1944 1054 2006 et
1096 1942 1344 2016 referes,
1391 1962 1777 2025 quecumque
1826 1943 1917 2007 eis
1958 1944 2329 2026 placuerint,
2379 1946 2444 2009 et
2489 1961 2602 2009 nos
2672 1944 2890 2025 postea
2935 1959 3077 2023 pro-

336 2030 703 2109 videbimus,
751 2031 1090 2096 secundum
1137 2031 1298 2113 quod
1346 2030 1520 2095 nobis
1559 2031 1892 2096 videbitur*
1943 2049 2097 2113 opus
2174 2049 2309 2097 esse
2372 2049 2480 2113 pro
2544 2032 2775 2096 honore
2818 2047 2928 2094 sne
2973 2047 3077 2092 ex·

335 2118 623 2183 cellentie
671 2123 736 2183 et
783 2120 1006 2185 nostro.

548 2206 780 2272 Verum
825 2206 970 2288 quia
1016 2204 1239 2269 leviter
1276 2210 1528 2288 propter
1560 2205 1763 2270 'verba
1808 2204 1966 2270 alias
2030 2206 2145 2270 tibi
2217 2205 2386 2271 dicta
2446 2223 2555 2287 per
2613 2202 2929 2270 dominam
2976 2222 3077 2269 re-

336 2291 548 2374 ginam
596 2294 733 2375 ipsa
782 2293 985 2374 posset
1031 2294 1239 2375 petere
1287 2311 1325 2356 a
1370 2296 1453 2371 te,
1503 2293 1557 2357 si
1605 2295 1676 2356 tu
1722 2292 1934 2357 dixisti
1983 2292 2156 2357 nobis
2203 2292 2338 2374 ipsa
2385 2292 2595 2369 verba,
2643 2294 2707 2357 et
2768 2290 2915 2373 quid
2962 2308 3075 2356 nos

343 2378 795 2462 respondimus,
843 2379 1071 2444 debeas
1118 2382 1505 2462 respondere,
1554 2379 1717 2462 quod
1765 2381 1932 2453 tunc,
1979 2380 2218 2462 quando
2264 2380 2559 2446 maiestas
2606 2397 2721 2444 sua
2767 2377 2888 2441 tibi
2918 2377 3077 2442 dixit

337 2468 524 2531 verba
569 2467 865 2547 predicta,
915 2467 969 2531 si
1019 2466 1171 2531 bene
1217 2467 1459 2546 recolis,
1508 2467 1757 2532 voluisti
1804 2465 2128 2544 declarari,
2181 2468 2235 2531 si
2263 2466 2584 2531 maiestati
2624 2485 2734 2530 sue
2766 2465 3072 2548 placebat,

339 2551 501 2634 quod
549 2552 659 2618 illa
704 2554 879 2618 nobis
924 2554 1224 2631 refereris,
1275 2556 1339 2618 et
1384 2556 1519 2636 ipsa
1565 2571 1686 2617 non
1737 2553 2101 2636 respondit3
2146 2556 2399 2636 propter
2451 2551 2613 2636 quod
2647 2552 3072 2617 considerante

338 2643 421 2718 te,
468 2640 626 2723 quod
675 2641 804 2723 ipsa
850 2644 1147 2705 maiestas
1195 2660 1308 2705 sua
1354 2641 1593 2707 dixerat
1640 2641 1757 2706 tibi
1805 2643 1866 2706 in
1917 2660 2143 2724 magno
2179 2649 2435 2720 secrete,
2471 2645 2542 2706 tu
2578 2639 2833 2706 noluisti
2864 2638 3072 2705 facere

339 2728 736 2808 mentionem,
787 2728 894 2792 sed
942 2730 1095 2794 bene
1141 2730 1316 2810 potes
1362 2730 1683 2794 testificari
1732 2728 2046 2793 serinitati
2091 2748 2199 2793 sue
2246 2733 2310 2793 et
2357 2729 2605 2806 mundo,
2657 2730 2820 2810 quod
2876 2726 3078 2791 domi-

342 2815 513 2881 natio
559 2821 773 2881 nostra
820 2816 918 2880 est
963 2815 1111 2879 talis
1160 2818 1398 2891 nature,
1447 2818 1609 2899 quod
1657 2816 1711 2880 si
1759 2816 2264 2897 promitteremus
2312 2817 2434 2881 sibi
2497 2816 2597 2881 vel
2652 2815 2838 2879 alteri
2902 2813 3074 2897 quic-

338 2921 525 2984 quam
564 2906 810 2987 propter
857 2902 1132 2985 aliquam
1180 2921 1452 2980 causam,
1500 2921 1611 2968 nos
1656 2902 2025 2968 infallibiter
2094 2904 2386 2969 omnibus
2447 2902 2809 2987 postpositis
2870 2902 3077 2966 atten-

337 2990 646 3072 deremus,
694 3009 1078 3074 quecumque
1126 2990 1657 3071 promitteremus.

428 3096 669 3159 Secreta
716 3097 890 3159 Gens.
938 3098 1089 3173 Roy.
1139 3097 1217 3157 R.
1275 3099 1376 3169 50,
1424 3116 1466 3158 u
1498 3099 1666 3159 mla.
1714 3098 1952 3160 arkivu.

646 3283 1130 3368 CCCXCIV.
1185 3286 1395 3369 God·
1451 3286 1682 3369 1390.
1738 3287 1843 3369 28
1899 3284 2236 3387 οὶιιΠω,
2287 3309 2347 3369 ιι
2401 3282 2797 3366 Mletcih.

343 3427 700 3505 Dozvoh‘m‘e
743 3448 824 3507 se,
872 3430 955 3489 da
1011 3430 1263 3489 driavni
1331 3430 1618 3576 brodoviH
1645 3431 1918 3577 indign-{aja
1977 3431 2303 3504 poszanika
2369 3428 2572 3502 krah’a
2626 3426 2994 3502 bosanskoya
3038 3445 3083 3488 u

1609 3536 1718 3577 rva
1744 3535 1774 3577 s
1819 3536 1877 3579 u.

565 3636 751 3701 1390.
816 3637 1148 3703 indictione
1209 3638 1383 3717 XIII,
1448 3637 1547 3702 die
1605 3638 1882 3703 XXVIII
1928 3638 2158 3702 martii.
2212 3635 2582 3702 Consiliarii.
2636 3631 2870 3716 Capta.
2918 3633 3081 3717 quod

346 3723 574 3790 nobilis
623 3725 718 3788 vir
763 3724 1121 3790 ambaxator
1167 3725 1433 3789 illustris
1469 3725 1634 3808 regis
1667 3726 1887 3790 Rassie
1921 3744 2063 3790 cum
2106 3726 2242 3789 octo
2276 3723 2579 3807 personia,
2619 3725 2682 3785 et
2713 3721 3081 3786 venerabilis

350 3812 445 3876 vir
491 3811 683 3877 frater
727 3813 1101 3877 Benedictus
1150 3811 1442 3877 collector
1489 3831 1664 3894 pape,
1713 3814 1777 3876 et
1823 3812 2047 3877 nobilis
2097 3812 2191 3875 vir
2237 3811 2526 3875 dominus
2575 3808 2890 3872 Gerardus
2941 3807 3082 3872 dela

351 3899 555 3963 Borda
603 3900 861 3964 devotus
904 3902 1131 3978 noster,
1173 3918 1315 3963 cum
1362 3917 1575 3963 eorum
1623 3899 1880 3963 famulis
1924 3903 1989 3964 et
2033 3898 2275 3963 levibus
2320 3896 2582 3963 arnesiis
2617 3895 2857 3977 possint
2887 3894 3082 3965 levari

352 3986 418 4049 et
461 3986 718 4051 conduci
763 3987 928 4052 cirea
966 3990 1197 4070 parteS,
1246 3989 1323 4050 ad
1371 4004 1526 4069 quas
1574 3988 1802 4051 vadunt
1871 4005 2013 4051 cum
2084 3985 2280 4068 galeis
2350 3984 2576 4049 nostris
2647 3980 2895 4065 culphy,
2960 3999 3080 4046 non

354 4071 734 4140 sinistrando
780 4074 1013 4139 factum
1061 4075 1260 4138 nostri
1308 4075 1679 4139 communis,

444 4180 625 4241 Misti
674 4181 856 4258 XLI,
908 4182 1008 4252 70,
1055 4198 1099 4242 u
1140 4183 1300 4243 mlet.
1347 4182 1583 4241 ανῆ-ἱνα.

663 4386 1108 4472 CCCXCV.
1164 4387 1371 4472 God.
1426 4386 1653 4470 1390.
1709 4386 1806 4468 13
1859 4387 2238 4487 trama,
2293 4406 2355 4467 u
2407 4382 2804 4466 Mletcih.

570 4531 776 4594 mia
818 4550 880 4593 sc
921 4531 1125 4606 pomo&
1158 4533 1451 4593 krekomu
1510 4532 1700 4591 knezu
1759 4531 1991 4607 Ιυαηα,
2041 4530 2122 4589 da
2164 4530 2222 4589 si
2256 4528 2563 4603 predobije
2595 4525 2875 4586 Modra-ff.

574 4650 765 4731 1390,
815 4654 914 4718 die
956 4651 1114 4719 XIII
1160 4652 1388 4719 mensis
1434 4651 1669 4734 aprilis.
1722 4650 2049 4733 Sapientes
2096 4648 2341 4714 consilii
2386 4665 2622 4712 omnes.
2672 4643 2902 4728 Capta.
2944 4663 3087 4711 cum

362 4739 440 4806 ad
483 4739 1015 4807 confirmationem
1060 4742 1123 4807 et
1167 4742 1351 4807 robur
1396 4739 1679 4805 statuum
1741 4735 2244 4805 dominationum
2306 4736 2372 4799 et
2434 4733 2823 4800 dominorum
2868 4731 3085 4799 mundi

2803 4834 2841 4877 ᾳ
