3620 5282
463 367 593 436 102

463 562 603 611 rum
641 542 929 620 tractate,
971 543 1328 629 composite,
1374 540 1674 627 promisse
1719 542 1785 607 et
1830 538 2157 606 ratifficate
2203 537 2469 615 fuerunt,
2534 555 2607 602 ac
2652 536 2986 602 secundum
3057 534 3184 600 for-

466 651 638 698 mam
679 631 744 695 et
789 629 1236 698 continenciam
1283 630 1543 713 predicti
1586 627 1985 694 instrumenti
2032 647 2102 693 ex
2148 626 2288 692 inde
2333 623 2638 703 confecti,
2691 623 2768 689 de
2832 642 2951 708 quo
2998 641 3187 707 supra

464 721 726 787 fecimus
772 717 1168 785 mentionem.
1243 717 1515 784 Nomina
1558 719 1767 783 autem
1813 716 2106 781 baronum
2153 718 2217 780 et
2261 732 2576 798 procerum
2622 711 2795 797 regni
2844 710 3063 789 nostri,
3106 710 3183 776 de

469 808 693 892 quibus
734 823 922 889 supra
960 806 1198 873 faciunt
1242 807 1557 891 presentes
1588 806 1793 871 nostre
1831 804 2043 870 littere
2065 802 2462 878 mentionem,
2511 803 2656 866 sunt
2676 801 2810 878 hec,
2859 798 3182 866 videlicet:

469 896 751 962 dominus
785 892 1078 961 Nicolaus
1124 894 1434 980 palatinus
1492 892 1666 977 regni
1710 891 2029 977 Hungarie
2091 890 2350 975 predicti
2411 892 2475 955 et
2518 887 2699 954 iudex
2744 886 3182 964 Cumanorum,

468 982 753 1050 dominus
768 981 1114 1066 Stephanus
1140 983 1409 1067 voyvoda
1439 980 1878 1046 Transilvanus
1901 982 1966 1046 et
1994 998 2200 1045 comes
2218 978 2292 1045 de
2310 976 2541 1044 Zomiel
2563 974 2853 1063 (Zonuk),
2900 974 3185 1041 dominns

468 1070 803 1139 Olivierius
830 1070 1127 1155 magister
1163 1069 1617 1136 tavarnicorum
1640 1072 1994 1134 nostrorum
2019 1068 2344 1151 regalium,
2393 1065 2541 1131 item
2567 1065 2848 1138 dominus
2871 1063 3186 1131 ,Iohannes

476 1157 732 1225 ecclesie
777 1157 1258 1241 Vesprimiensis
1302 1160 1367 1224 et
1408 1157 1693 1224 dominus
1739 1155 2032 1223 Nicolaus
2095 1154 2350 1221 ecclesie
2393 1152 2729 1219 Nitriensis
2792 1153 2976 1219 electi
3036 1169 3184 1216 con-

471 1246 725 1323 firmati,
776 1245 1058 1311 dominus
1102 1246 1492 1313 Tatamerius
1536 1244 1883 1329 prepositus
1920 1243 2174 1310 ecclesie
2225 1242 2515 1308 Albensis
2559 1241 2725 1306 aulle
2768 1241 2977 1306 nostre
3024 1239 3187 1305 vice-

476 1333 913 1412 cancellarius,
979 1332 1210 1401 Panlus
1268 1334 1569 1418 magister
1627 1332 2081 1400 tavarnicorum
2145 1329 2478 1416 regalium,
2545 1329 2828 1394 dominus
2893 1327 3185 1394 Nicolaus

470 1423 731 1489 ,Triums
779 1421 1080 1506 magister
1123 1422 1549 1506 pincernarum
1570 1423 1924 1488 nostrorum
1970 1438 2174 1486 comes
2199 1418 2560 1496 BarciensiS,
2608 1416 2890 1483 dominus
2909 1415 3191 1483 vaalba

479 1511 780 1594 magister
815 1508 1251 1595 dapiferorum,
1311 1509 1597 1576 dominus
1655 1507 1989 1594 Dyonisius
2052 1508 2352 1592 magister
2414 1524 2748 1590 agasonum
2812 1507 3184 1584 nostrorum,

475 1599 759 1667 dominus
780 1596 1047 1664 Thomas
1087 1597 1348 1664 condam
1393 1597 1667 1682 voyvoda
1696 1616 1858 1663 nunc
1897 1615 2103 1662 comes
2127 1598 2198 1661 de
2225 1594 2493 1661 Craseuo
2538 1595 2602 1660 et
2645 1594 2720 1659 de
2750 1591 3007 1659 Kenuoe
3028 1640 3045 1669 ,
3078 1591 3189 1657 do-

480 1688 688 1754 minus
729 1684 1027 1753 Nicolaus
1073 1685 1370 1771 Stephani
1415 1684 1669 1752 condam
1713 1685 1954 1750 bannus
2000 1682 2340 1762 Sclavonie,
2389 1681 2674 1748 dominus
2712 1680 2992 1748 Andreas
3022 1680 3189 1746 filius

479 1774 679 1841 Loche
720 1792 923 1841 comes
968 1773 1310 1841 Siculorum
1357 1776 1422 1841 et
1463 1775 1537 1839 de
1574 1774 1867 1849 Brasouo‚
1912 1771 2197 1838 dominus
2241 1771 2509 1836 Thomas
2554 1768 2726 1834 Petri
2771 1787 2977 1835 comes
3021 1768 3188 1853 Lyp-

477 1862 796 1939 touiensiS,
844 1862 1127 1928 dominus
1159 1861 1330 1947 Cyko
1373 1879 1580 1928 comes
1624 1859 2066 1937 BorsodiensiS,
2110 1858 2395 1925 dominus
2441 1859 2662 1923 Petrus
2692 1857 2936 1923 Pharus
2980 1874 3188 1922 comes

477 1951 553 2018 de
600 1951 869 2035 Wyuar,
917 1950 1200 2017 dominus
1260 1948 1628 2015 Ladislavus
1687 1948 1891 2015 dictus
1952 1949 2064 2016 Ses
2125 1947 2424 2031 magister
2482 1945 2898 2030 dapiferorum
2945 1944 3189 2011 domine

478 2037 712 2123 regine,
759 2037 1044 2105 dominns
1092 2037 1444 2123 Stephanus
1503 2037 1849 2122 prepositus
1893 2035 2229 2115 Budensis,
2294 2033 2580 2100 dominus
2623 2032 2938 2100 Johannes
2980 2050 3190 2098 comes

479 2125 990 2212 Sumu(et)ensi8,
1037 2125 1552 2211 Chongradiensis
1582 2144 1655 2191 ac
1687 2125 1967 2192 dominus
1989 2123 2406 2191 Heustachius
2429 2122 2814 2206 dispensator
2855 2123 3080 2187 noster.
3117 2121 3189 2185 In

478 2233 741 2298 quorum
782 2213 1058 2280 omnium
1104 2215 1491 2293 firmitatem,
1539 2213 1723 2279 fidem
1772 2215 1837 2280 et
1877 2212 2252 2279 evidenciam
2302 2210 2636 2295 pleniorem
2666 2210 2780 2276 has
2810 2211 3053 2275 nostras
3083 2227 3191 2292 pa-

480 2304 683 2368 tentes
728 2302 975 2368 litteras
1019 2301 1152 2368 fieri
1208 2300 1657 2382 mandavimu8‚
1700 2304 1765 2368 et
1809 2300 2005 2387 sigilli
2050 2299 2242 2367 nostri
2300 2298 2596 2366 autentici
2641 2296 3009 2383 appensione
3051 2315 3192 2363 mu·

482 2389 620 2456 niri.
668 2390 902 2455 Datum
949 2392 1014 2456 et
1057 2392 1267 2457 actum
1319 2389 1385 2456 in
1431 2389 1682 2457 civitate
1726 2390 1931 2455 nostra
1959 2387 2232 2455 Budensi
2277 2389 2489 2454 octavo
2518 2385 2618 2452 die
2647 2387 2878 2452 mensis
2922 2387 3195 2470 septem-

479 2478 609 2545 bris
656 2496 812 2544 anno
858 2477 1093 2545 domini
1140 2477 1474 2544 millesimo
1519 2477 1951 2545 trecentesimo
1995 2476 2465 2561 quadragesimo
2503 2477 2719 2541 octavo
2752 2473 3190 2559 suprascripto.

564 2569 884 2631 Paetorum
940 2570 1003 2631 V.
1050 2571 1153 2641 90,
1197 2587 1242 2630 a
1285 2570 1501 2631 arkivu
1544 2568 1901 2630 mletacloom.

917 2759 1216 2843 cnm.
1280 2759 1487 2844 aod.
1544 2759 1772 2843 1348.
1827 2761 1878 2842 a
1932 2760 2217 2863 mna,
2270 2781 2330 2841 u
2377 2754 2772 2881 motem.

669 2887 852 2963 NJeki
899 2886 1188 2958 Zadrani,
1233 2886 1596 2962 izbjeqnuvsi
1637 2887 1696 2947 iz
1738 2886 2032 2957 metcha,
2077 2886 2241 2948 mccu
2281 2903 2343 2947 sc
2387 2903 2430 2945 u
2473 2883 2725 2946 drbavni
2757 2899 3004 2959 proyon.

702 3023 871 3089 1348
916 3023 1017 3090 die
1059 3025 1148 3090 IX
1193 3022 1584 3108 septembris,
1631 3025 1847 3108 capta:
1894 3044 2036 3091 cum
2083 3024 2457 3108 infrascripti
2495 3023 2821 3103 Jadratini,
2867 3021 2974 3107 qui
3021 3022 3198 3088 erant

483 3113 584 3179 hic
629 3112 707 3177 ad
754 3112 1043 3179 mandata
1088 3113 1318 3189 nostra,
1365 3111 1442 3178 de
1486 3111 1772 3200 Veneciis
1817 3113 2048 3198 absque
2094 3116 2307 3179 nostra
2356 3112 2729 3179 conscientia
2779 3109 3191 3177 reccenserint

486 3203 550 3267 et
593 3199 986 3284 auffugerint,
1033 3202 1098 3266 et
1148 3199 1326 3267 citati
1370 3201 1447 3266 ad
1515 3201 1853 3267 terminum
1899 3200 2116 3267 datum
2179 3201 2299 3265 sibi
2357 3218 2709 3283 comparere
2769 3198 3190 3283 neglexerint:

484 3288 656 3355 vadit
700 3306 861 3372 pars.
910 3289 983 3353 ut
1026 3288 1089 3355 in
1134 3290 1249 3356 hoc
1289 3288 1420 3369 fiat,
1468 3288 1629 3372 quod
1681 3288 1945 3373 exigitur
1988 3307 2099 3372 pro
2164 3290 2389 3354 honore
2447 3293 2656 3353 nostro
2678 3336 2693 3365 ,
2751 3286 2913 3371 quod
2959 3284 3078 3369 ipsi
3125 3285 3190 3349 et

485 3375 749 3460 quilibet
793 3393 1002 3441 eorum
1038 3375 1383 3442 clamentur
1425 3377 1492 3442 in
1534 3377 1735 3442 banno
1778 3379 1855 3442 de
1903 3376 2183 3442 Veneciis
2227 3379 2294 3442 et
2337 3375 2641 3453 districtu,
2689 3376 2754 3439 et
2797 3374 2872 3440 de
2903 3372 3189 3440 omnibus

486 3465 690 3543 terris,
735 3466 800 3530 et
840 3464 993 3531 locis
1036 3464 1309 3531 dominio
1342 3465 1553 3530 nostro
1585 3465 1899 3543 subiectis,
1947 3467 2013 3530 et
2055 3463 2215 3530 bona
2243 3481 2452 3529 eorum
2500 3464 2564 3529 et
2608 3461 2937 3528 cuiuslibet
2973 3479 3189 3526 eorum

486 3553 894 3619 confiscentur
938 3552 1003 3618 in
1040 3554 1321 3619 nostrum
1363 3571 1685 3619 commune
1731 3553 2157 3619 Veneciarum.
2210 3552 2292 3617 Et
2335 3550 2641 3617 scribatur
2684 3549 2896 3615 comiti
2942 3552 3008 3614 et
3049 3566 3196 3613 con-

486 3641 738 3707 siliariis
783 3639 994 3721 Jadre,
1036 3645 1103 3707 et
1145 3640 1362 3707 comiti
1404 3641 1557 3726 Pagi
1589 3644 1653 3707 et
1682 3640 2053 3724 ubicumque
2088 3641 2365 3718 sciretur,
2415 3638 2577 3723 quod
2609 3638 2909 3704 haberent
2939 3638 3014 3703 de
3061 3655 3191 3715 suo,

486 3730 647 3813 quod
693 3728 828 3814 ipsa
875 3730 1034 3795 bona
1078 3729 1414 3796 intromitti
1459 3730 1524 3795 et
1581 3728 1925 3795 conservari
1987 3727 2219 3794 faciant
2277 3729 2519 3793 nomine
2578 3725 2769 3794 nostri
2824 3723 3193 3792 communis

485 3817 572 3884 Et
616 3818 1041 3884 committatur
1085 3819 1151 3884 et
1193 3817 1517 3884 mandetur
1561 3815 1848 3882 omnibus
1906 3816 2133 3882 nostris
2192 3816 2530 3882 rectoribus
2550 3865 2567 3896 ‚
2614 3814 2773 3899 quod
2837 3814 2889 3881 si
2932 3814 3194 3899 predicti

488 3907 586 3971 vel
631 3924 838 3972 eorum
883 3905 1107 3988 aliquis
1151 3905 1405 3989 reperiri
1449 3906 1660 3988 posset
1701 3905 1761 3970 in
1805 3904 1994 3971 forcio
2040 3922 2168 3982 suo,
2217 3904 2386 3988 ipsos
2431 3903 2663 3970 faciant
2691 3902 2973 3983 detineri,
3022 3905 3087 3968 et
3115 3901 3195 3966 ad

487 4013 599 4060 nos
644 3995 904 4060 mittant
946 3995 1061 4059 sub
1105 3992 1230 4059 fida
1273 3993 1568 4070 custodia,
1615 3991 1691 4057 de
1735 3993 1960 4076 quibus
1991 3994 2139 4059 tunc
2168 3992 2299 4072 fiat,
2348 3993 2513 4058 sicut
2550 3992 2856 4059 videbitur
2902 3992 3008 4057 isti
3053 4009 3196 4057 con-

488 4081 645 4148 silio.
692 4080 961 4147 Nomina
1007 4100 1151 4149 vero
1196 4082 1470 4165 ipsorum
1516 4080 1913 4147 Jadrensium
1958 4085 2104 4147 sunt
2139 4082 2287 4147 hec:
2340 4082 2613 4147 Andreoe
2645 4079 2827 4147 Pauli
2872 4079 2949 4146 de
2994 4078 3195 4158 Zorni,

489 4168 767 4236 Cressius
812 4169 887 4235 de
934 4169 1265 4248 ZadoliniS,
1313 4169 1535 4235 Daniel
1580 4170 1656 4235 de
1703 4170 2080 4250 Varicassis,
2145 4169 2427 4236 dominus
2483 4169 2848 4235 Franciscus
2879 4168 3074 4234 -Pauli
3121 4169 3195 4233 de

487 4257 750 4341 Georgio
798 4256 996 4336 miles,
1046 4256 1404 4324 Fredericus
1451 4257 1528 4325 de
1572 4259 1855 4343 Lompre,
1900 4257 2168 4326 Jacobus
2214 4257 2541 4324 Michaelis
2585 4260 2659 4324 de
2682 4257 3047 4338 VaricassiS,
3083 4256 3197 4323 Ni-

490 4345 695 4412 colaus
738 4344 943 4412 Miche
988 4346 1062 4412 de
1097 4346 1350 4412 Botono.
2351 4357 2356 4362 ·

577 4435 757 4498 Misti
804 4434 1044 4499 XXIV.
1091 4440 1193 4510 96,
1238 4455 1281 4496 u
1316 4437 1533 4500 arkivu
1566 4438 1924 4503 meetackom.
