3620 5282
533 354 617 420 48

541 528 1082 612 stipendiariorum
1125 528 1489 609 nostrorum,
1538 548 1720 613 quam
1767 529 1900 612 ipse
1947 529 2307 594 ambaxator
2352 530 2415 593 et
2460 529 2737 612 provisor
2768 531 2976 595 noster
3024 549 3132 612 per
3166 550 3250 607 se,

540 619 604 682 et
640 636 845 684 comes
893 621 1099 682 noster
1140 617 1327 683 Jadre
1374 637 1482 700 per
1528 636 1594 682 se
1639 618 1816 682 nobis
1863 617 2086 682 debeat
2131 618 2258 682 suis
2304 616 2533 682 litteris
2564 617 2896 697 declarare,
2946 621 3015 682 ut
3067 637 3249 701 super

538 705 676 770 inde
723 725 833 789 per
878 724 988 771 nos
1052 708 1253 771 valeat
1311 704 1635 788 provideri.
1685 705 1938 770 Electus
1997 706 2271 787 provisor
2327 707 2391 770 et
2451 707 2813 771 ambaxator
2876 725 2972 771 ser
3017 706 3248 771 Paulus

538 794 872 872 Loredano,
923 795 1153 877 plezius
1198 813 1297 858 ser
1341 792 1653 859 Johannes
1698 793 2072 858 Lauredan0.

627 884 785 946 Secr.
832 903 986 945 cons.
1031 889 1217 961 νομαί.
1263 884 1336 945 Α.
1391 887 1492 956 95,
1539 903 1582 944 u
1624 885 1965 945 mletadkom
2009 886 2240 944 arkivu.

928 1074 1272 1157 LXVII.
1328 1074 1533 1157 flod.
1570 1074 1799 1157 1348.
1857 1075 1905 1158 3
1943 1072 2293 1177 Slebnju,
2346 1097 2406 1157 u
2461 1074 2854 1158 Mletcih.

545 1203 812 1279 Predlw,
859 1203 937 1262 da
981 1221 1043 1263 se
1087 1202 1342 1263 vieizvrsi
1363 1202 1611 1275 riesenje
1659 1219 1691 1261 o
1726 1204 2050 1276 preporuci
2086 1204 2447 1278 izabranoya
2492 1204 2746 1276 biskupa
2768 1203 3082 1277 osorskoqa
3111 1204 3250 1261 rim-

1461 1291 1665 1350 skomu
1696 1290 1902 1362 dvoru,
1941 1293 2213 1364 ueprima
2252 1309 2330 1350 se.

752 1412 939 1476 1347.
991 1412 1085 1476 die
1130 1411 1323 1476 tercio
1373 1410 1651 1475 ianuarii.
1715 1409 1871 1476 Cum
1933 1410 2090 1475 foret
2149 1410 2343 1493 pridie
2404 1412 2653 1493 captum
2715 1410 2778 1474 in
2823 1411 2943 1476 isto
2991 1408 3248 1475 consilio

540 1501 618 1564 ad
665 1500 1176 1583 supplicationem
1221 1498 1544 1581 presbiteri
1591 1499 1912 1564 Laurencii
1960 1500 2157 1575 sancti
2203 1497 2510 1576 Canciani,
2560 1498 2738 1563 electi
2801 1498 3071 1582 episcopi
3115 1498 3248 1563 Ab·

539 1589 822 1668 serensiS,
872 1588 1030 1671 quod
1076 1587 1448 1652 scriberetur
1494 1587 1555 1651 in
1586 1588 1758 1651 curia
1804 1605 2074 1665 romana,
2132 1586 2678 1654 recommendando
2722 1587 2926 1669 ipsum
2985 1589 3050 1651 et
3110 1587 3244 1651 iura

538 1693 650 1740 sua
698 1679 837 1754 etc.‚
887 1678 959 1741 ut
1009 1677 1069 1740 in
1116 1680 1289 1758 parte
1333 1694 1516 1758 super
1562 1676 1674 1740 hoc
1720 1680 1899 1759 capta
1962 1675 2343 1740 continetur:
2408 1674 2579 1739 vadit
2627 1694 2788 1757 pare,
2841 1695 2944 1756 per
2988 1694 3087 1751 ea,
3135 1693 3250 1758 que

537 1764 800 1829 audistis
851 1766 913 1828 et
959 1763 1060 1829 hic
1106 1763 1277 1829 dicta
1316 1765 1462 1830 sunt
1506 1763 1579 1828 de
1629 1763 1794 1828 dicto
1843 1764 2039 1837 facto,
2098 1764 2257 1846 quod
2309 1762 2719 1846 suspendatur
2765 1763 2975 1827 missio
3010 1761 3253 1826 littera-

536 1872 675 1917 rum
719 1852 792 1916 de
838 1853 951 1917 hoc
997 1852 1182 1917 fact0.
1229 1855 1336 1930 41,
1384 1852 1505 1926 413
1546 1870 1665 1916 non
1712 1853 1816 1930 35,
1867 1851 1984 1928 37;
2028 1870 2148 1917 non
2194 1852 2416 1917 sinceri
2462 1852 2565 1928 23,
2615 1852 2718 1916 21.

623 1944 800 2003 Misti
852 1942 1091 2005 XXIV.
1143 1945 1242 2013 54,
1280 1961 1322 2003 u
1365 1942 1704 2003 mletaelcom
1749 1945 1980 2003 arkivu.

872 2132 1268 2214 LXVIII.
1322 2131 1527 2216 God.
1582 2132 1808 2216 1348.
1864 2132 1964 2213 10
2018 2129 2374 2233 siecum,
2426 2152 2486 2212 u
2533 2130 2921 2213 Mletcih.

543 2262 646 2321 Na
689 2261 881 2320 molbu
927 2262 1086 2319 bana
1130 2261 1494 2335 bosanskoqa
1536 2260 1750 2319 Maria
1795 2260 2073 2405 ngiiovid
2119 2258 2434 2317 Zadranin
2493 2258 2729 2318 riesava
2788 2275 2849 2317 se
2885 2261 3249 2332 proqonstva

1732 2364 1789 2408 w
1889 2365 1928 2407 a
1971 2366 2057 2405 ra.

756 2470 940 2534 1347.
991 2469 1088 2534 die
1138 2471 1195 2534 X
1242 2469 1521 2547 ianuarii,
1567 2470 1778 2552 capta:
1821 2486 1960 2534 cum
2007 2472 2278 2551 tempore
2327 2486 2562 2549 guerre,
2615 2486 2731 2551 que
2767 2467 2902 2532 erat
2947 2468 3109 2533 inter
3140 2486 3247 2533 no-

540 2560 736 2623 strum
786 2558 1125 2623 dominium
1174 2562 1237 2622 et
1280 2558 1658 2635 Jadratinos,
1706 2556 1956 2640 quidam
2003 2556 2282 2620 Marinus
2329 2556 2557 2621 Paulus
2603 2558 2675 2619 de
2720 2554 2910 2620 Jadra
2957 2557 3247 2620 bannitus

536 2648 757 2712 fuisset
801 2647 875 2713 de
920 2646 1114 2713 Jadra
1157 2667 1269 2731 per
1312 2646 1475 2723 illos,
1525 2646 1631 2730 qui
1676 2647 1823 2710 tunc
1855 2646 2052 2728 ipsam
2102 2645 2422 2710 civitatem
2485 2645 2801 2728 regebant,
2852 2647 2916 2709 et
2962 2647 3032 2709 ut
3074 2645 3251 2710 nobis

539 2735 756 2801 scribit
801 2738 1009 2801 noster
1054 2754 1256 2802 comes
1304 2735 1627 2817 Tragurii,
1693 2735 1798 2817 qui
1863 2734 1977 2799 hoc
2023 2734 2204 2798 scivit
2260 2753 2296 2799 a
2339 2732 2654 2814 pluribuS,
2714 2732 2918 2797 dictus
2967 2734 3243 2797 Marinus

541 2825 830 2889 bannitus
878 2823 1064 2889 fuerit
1112 2824 1519 2900 solummodo,
1568 2824 1713 2907 quia
1761 2822 1956 2887 voluit
2001 2821 2143 2886 dare
2191 2840 2476 2905 operam,
2526 2823 2597 2886 ut
2659 2821 2850 2904 aliqui
2893 2820 3243 2905 Tragurini,

541 2912 642 2996 qui
682 2913 831 2977 tunc
873 2915 1048 2976 erant
1094 2913 1156 2976 in
1203 2912 1552 2977 carceribus
1600 2910 1808 2989 Jadre,
1859 2909 1933 2974 de
1979 2909 2162 2975 dictis
2208 2910 2555 2976 carceribus
2611 2909 2973 2988 evaderent,
3038 2912 3102 2974 et
3145 2928 3254 2993 per

540 3000 670 3064 eius
717 3018 965 3083 operam
1018 3001 1209 3083 aliqui
1256 3003 1599 3078 evaserunt,
1648 3001 1711 3063 et
1755 2999 2039 3064 dominus
2085 2999 2278 3063 banus
2320 3000 2558 3077 Bosne,
2623 2998 2836 3075 cuiuS,
2886 3000 2955 3062 ut
3015 2998 3251 3075 scribit,

536 3087 743 3152 dictus
790 3089 1068 3153 Marinus
1120 3089 1239 3153 fuit
1285 3091 1348 3153 et
1393 3092 1489 3153 est
1520 3087 1804 3171 specialis
1837 3087 2113 3164 servitor,
2160 3088 2429 3152 dominio
2462 3088 2670 3150 nostro
2702 3088 2876 3168 petat
2919 3086 2994 3149 de
3029 3086 3252 3169 gratia,

543 3178 614 3240 ut
658 3175 888 3241 dictam
938 3178 1533 3254 condemnationem,
1583 3178 1796 3240 contra
1841 3177 2042 3258 ipsum
2081 3175 2393 3241 Marinum
2424 3175 2674 3252 factam,
2711 3172 3041 3239 cancellari
3077 3193 3253 3238 man-

544 3262 794 3341 demus,
845 3264 1010 3329 vadit
1042 3283 1216 3347 pars:
1266 3265 1425 3348 quod
1473 3265 1704 3330 intuitu
1750 3263 1903 3328 dicti
1955 3264 2185 3328 domini
2218 3263 2383 3340 bani,
2431 3263 2816 3328 considerata
2846 3261 3035 3325 etiam
3070 3279 3254 3326 causa

546 3351 705 3416 dicte
753 3352 1274 3417 condemnationis
1324 3354 1646 3417 mandetur
1691 3351 1901 3417 comiti
1943 3354 2006 3417 et
2053 3351 2416 3417 consiliariis
2464 3350 2671 3428 Jadre,
2722 3348 2880 3432 quod
2915 3347 3249 3432 inquirant,

544 3439 597 3505 si
642 3438 847 3505 dictus
891 3440 1168 3505 Marinus
1199 3441 1317 3505 fuit
1361 3442 1800 3505 condemnatus
1835 3441 2149 3506 occasione
2195 3436 2490 3524 predicta,
2541 3442 2604 3503 et
2649 3439 2702 3501 si
2750 3437 3111 3515 invenerint,
3156 3436 3256 3520 ip-

546 3546 680 3593 sum
729 3527 921 3593 fuisse
990 3528 1461 3594 condemnatum
1508 3528 1671 3593 dicta
1728 3529 2072 3607 occasione,
2136 3528 2331 3611 ipsam
2395 3526 2958 3592 condemnationem
3027 3525 3256 3590 faciant

557 3616 797 3698 penitus
842 3617 1186 3694 cancellari,
1235 3617 1325 3681 ita
1372 3616 1530 3699 quod
1577 3636 1648 3681 ea
1695 3636 1809 3681 non
1857 3617 2138 3682 obstante
2185 3616 2385 3681 dictus
2430 3615 2713 3679 Marinus
2761 3612 2960 3696 possit
3007 3614 3080 3677 ad
3114 3631 3256 3697 pro-

552 3703 689 3787 pria
735 3724 1021 3769 remeare.
1072 3704 1192 3770 Sed
1223 3705 1275 3769 si
1309 3704 1490 3769 aliter
1524 3706 1620 3769 vel
1658 3705 1781 3769 alia
1814 3724 2000 3770 causa
2035 3703 2235 3769 dictus
2273 3702 2550 3769 Marinus
2589 3702 2747 3767 foret
2786 3703 3253 3767 condemnatus

552 3792 894 3858 rescribant
938 3792 1141 3870 nobiS,
1190 3792 1476 3876 quicquid
1523 3793 1888 3858 invenerint.

551 3938 554 3943 .
633 3884 788 3945 Scor.
835 3901 989 3944 cone.
1028 3888 1211 3960 royat.
1258 3885 1355 3943 lib.
1402 3884 1477 3943 A.
1525 3887 1626 3956 95,
1672 3904 1715 3944 u
1762 3884 1977 3944 arkivu
2017 3883 2371 3944 mletackom.

929 4073 1247 4155 LXIX.
1312 4074 1517 4156 God.
1572 4075 1802 4158 1348.
1858 4075 1957 4156 10
2011 4070 2361 4178 sicema,
2414 4096 2476 4156 u
2528 4072 2917 4156 Mletcih.

548 4199 840 4274 NJekomu
854 4200 1110 4274 plemicu
1136 4203 1193 4261 iz
1220 4201 1482 4276 Uyarske
1506 4203 1855 4275 dozvoh'eno,
1879 4203 2010 4270 das
2028 4200 2334 4282 druiinom
2345 4202 2559 4275 prodje
2576 4202 2714 4261 kroz
2737 4201 3014 4261 mletacke
3036 4201 3255 4274 zemlje.

762 4320 948 4385 1347.
999 4322 1093 4385 die
1137 4322 1197 4386 X
1242 4323 1522 4399 ianuarii,
1589 4326 1802 4405 capta:
1870 4324 2029 4408 quod
2087 4322 2298 4388 lictere
2361 4323 2713 4388 securitatis
2777 4322 2927 4388 fiant
2973 4340 3078 4405 pro
3122 4323 3242 4387 isto

551 4407 742 4473 nobili
790 4410 862 4473 de
907 4408 1248 4492 Hungaria,
1299 4410 1400 4492 qui
1449 4411 1619 4475 venit
1654 4411 1729 4475 de
1777 4411 2004 4495 Aquila
2048 4414 2109 4477 et
2154 4413 2250 4476 est
2292 4411 2593 4491 infirmae,
2637 4414 2701 4476 et
2746 4411 2918 4476 vadit
2963 4411 3026 4474 in
3072 4409 3251 4475 Hun-

552 4496 745 4580 garia,
793 4497 951 4580 quod
998 4496 1188 4562 libere
1237 4498 1432 4580 possit
1493 4499 1758 4564 transire
1824 4519 1931 4582 per
1985 4499 2275 4565 Venetias
2337 4503 2402 4566 et
2460 4519 2569 4583 per
2631 4501 2837 4583 partes
2881 4498 3243 4563 Tervisanas

552 4603 695 4649 cum
741 4603 852 4650 sua
896 4585 1205 4663 comitiva,
1254 4585 1542 4651 videlicet
1587 4606 1728 4651 cum
1772 4588 1935 4652 circa
1958 4587 2080 4653 XX
2123 4587 2203 4652 ad
2248 4606 2490 4671 equum,
2538 4589 2602 4653 et
2648 4587 2874 4652 habeat
2917 4586 3251 4650 terminum

550 4672 614 4737 in
662 4671 894 4738 licteris
938 4672 1013 4737 de
1057 4673 1173 4738 XV
1217 4672 1459 4738 diebus.

637 4763 816 4824 Misti
863 4762 1094 4825 XXIV
1134 4766 1234 4835 55,
1280 4782 1324 4824 u
1367 4766 1582 4826 arkivu
1624 4765 1982 4827 mletabkom.
