3620 5282
2990 342 3080 407 49

355 512 507 595 ipsis
553 512 860 595 Raguseis
929 513 991 576 in
1063 514 1178 577 hac
1221 512 1451 578 forma:
1522 513 1680 596 quod
1750 513 2070 579 intellecta
2135 513 2435 579 relatione
2502 513 2677 579 nobis
2745 515 2909 581 facta
2972 536 3081 601 per

357 599 879 664 Zambernardum
930 601 1239 665 notarium
1286 603 1562 665 nostrum
1627 602 1700 665 de
1747 602 1887 681 hiis,
1952 621 2069 684 que
2129 602 2248 667 sibi
2315 601 2762 684 responderunt
2818 606 3083 686 requisi·

359 688 668 764 tionibuS,
745 706 894 769 quas
972 688 1202 752 eisdem
1277 686 1422 752 fecit
1482 707 1591 770 pro
1646 692 1821 770 parte
1884 692 2126 764 nostra,
2212 707 2283 753 ac
2352 689 2722 771 expositione
2792 693 3081 755 oretenus

357 772 522 838 sacta
569 793 675 861 per
721 775 971 838 nuncios
1017 793 1158 840 suos
1206 776 1271 838 et
1299 775 1674 839 continentia
1707 776 2061 840 litterarum
2093 793 2344 840 suarum
2374 776 2552 840 nobis
2584 778 3081 858 presentatarum

358 880 468 943 per
534 860 771 925 dictum
831 863 1110 925 nostrum
1174 862 1505 940 notarium,
1571 862 1989 940 rescribimus,
2052 864 2230 945 quod,
2295 882 2366 926 ex
2427 880 2546 947 quo
2608 865 2851 929 constat
2906 864 3082 929 nobis

357 947 541 1025 clare,
590 948 748 1030 quod
786 949 879 1013 sui
927 949 1205 1012 homines
1252 968 1288 1013 a
1334 967 1522 1026 remo,
1570 949 1675 1032 qui
1720 949 1969 1015 fuerunt
1997 968 2137 1014 cum
2173 950 2342 1032 ligno
2373 969 2482 1015 suo
2510 950 2585 1014 de
2619 949 2855 1033 Stagno
2894 952 3083 1015 misso

357 1036 435 1099 ad
472 1034 821 1100 faciendum
869 1035 1050 1100 illum
1093 1053 1426 1116 excessum,
1476 1037 1635 1119 quod
1685 1036 1916 1101 factum
1969 1036 2087 1101 fnit
2131 1037 2509 1102 ambaxatori
2550 1039 2777 1116 nostro,
2835 1037 3086 1103 fuerunt

357 1122 845 1205 principaliores,
887 1125 990 1205 qui
1040 1122 1447 1188 verberabant
1493 1124 1774 1187 homines
1821 1125 2027 1187 nostre
2096 1125 2378 1202 condure,
2429 1125 2800 1207 requirimus
2862 1127 2928 1190 et
2983 1143 3085 1190 ro-

357 1228 576 1291 gamus
615 1211 878 1286 eosdem,
928 1211 1227 1291 quatenus
1270 1210 1364 1274 eis
1411 1210 1654 1293 placeat
1699 1211 2029 1293 diligenter
2075 1211 2388 1293 inquirere
2434 1211 2510 1274 de
2543 1211 2977 1294 culpabilibus,
3022 1215 3086 1278 et

358 1297 432 1361 de
475 1296 628 1379 ipsis
675 1300 806 1362 tam
851 1296 1115 1379 rigidam
1160 1298 1473 1362 iusticiam
1521 1296 1742 1373 facere,
1792 1299 1949 1380 quod
1998 1301 2277 1362 transeat
2322 1299 2543 1362 ceteris
2587 1298 2653 1362 in
2708 1300 3080 1382 exemplum,

357 1386 422 1447 et
462 1384 621 1467 quod
668 1403 795 1461 nos,
847 1402 1103 1466 quorum
1151 1384 1340 1449 honor
1387 1384 1816 1466 multipliciter
1863 1386 2030 1450 lesus
2076 1388 2193 1462 est,
2259 1402 2511 1449 causam
2575 1385 2915 1451 habeamus
2974 1404 3085 1470 po-

360 1471 544 1536 nendi
591 1473 832 1536 nostros
874 1472 1118 1536 animos
1164 1473 1224 1537 in
1273 1472 1502 1554 quiete.
1552 1472 1679 1536 Alii
1726 1471 1803 1535 de
1850 1473 2040 1554 parte,
2090 1489 2210 1535 non
2257 1471 2481 1536 sinceri
2533 1474 2589 1536 1.

568 1624 800 1708 Capta:
848 1625 927 1689 ad
974 1624 1313 1690 secundum
1372 1626 1737 1707 capitulum,
1785 1644 1968 1707 super
2030 1624 2195 1690 facto
2258 1625 2674 1707 requisitionis
2743 1626 2863 1693 sibi
2922 1626 3084 1695 facte

359 1713 433 1776 de
479 1713 901 1777 satisfactione
968 1713 1329 1777 tassacionis
1372 1718 1532 1777 lacte
1594 1732 1704 1795 per
1769 1712 2064 1777 officiales
2127 1714 2369 1777 nostros
2431 1712 2947 1779 extraordinarios
3010 1718 3085 1782 de

359 1799 639 1865 barcosio
689 1800 980 1866 Scaiolini
1029 1800 1289 1878 Scaiola,
1338 1799 1601 1864 dicimus
1643 1819 1806 1879 cnm,
1857 1801 2020 1865 sicut
2058 1800 2176 1863 sibi
2226 1799 2657 1865 mandavimus
2704 1803 2921 1883 exponi
2978 1821 3086 1884 per

358 1887 598 1953 dictum
664 1888 976 1952 notarium
1022 1888 1332 1965 nostrum,
1402 1886 1741 1951 habeamus
1816 1907 1923 1968 per
1990 1887 2511 1952 examinationem
2577 1890 2641 1953 et
2708 1889 3085 1955 taxationem

351 1975 582 2039 factam
631 1994 740 2057 per
785 1975 983 2039 dictos
1029 1973 1324 2038 officiales
1371 1976 1611 2039 nostros
1659 1974 2304 2052 extraordinariorum,
2350 1973 2695 2059 barcosium
2729 1974 2917 2040 fuisse
2956 1996 3087 2042 em-

346 2064 525 2145 ptum
570 2062 881 2145 legittime
929 2080 1035 2142 per
1073 2062 1369 2126 factorem
1419 2062 1566 2125 dicti
1617 2059 1925 2125 Scaiolani
1972 2062 2124 2126 civis
2190 2061 2404 2139 nostri,
2465 2064 2530 2127 et
2593 2065 2920 2145 propterea
2989 2083 3088 2130 re-

346 2150 653 2231 quirimus
701 2168 825 2226 eoa,
875 2154 1180 2232 quatenus
1226 2150 1488 2214 debeant
1534 2148 1734 2214 facere
1780 2148 2269 2214 satisfactionem
2329 2150 2490 2213 dicte
2546 2150 2881 2215 taxationis
2942 2170 3085 2217 cum

346 2236 727 2320 integritate,
778 2255 896 2320 que
941 2239 1042 2301 est
1084 2237 1385 2301 librarum
1436 2236 1607 2301 XLV
1648 2255 2023 2319 grossorum,
2076 2256 2148 2301 ne
2195 2237 2398 2300 dictus
2448 2239 2659 2301 noster
2722 2237 2879 2301 civis
2941 2256 3087 2305 cau-

344 2341 480 2388 sam
528 2324 758 2389 habeat
801 2325 878 2388 ob
925 2323 1039 2388 hoc
1079 2324 1459 2389 audientiam
1507 2327 1786 2389 nostram
1832 2323 2093 2389 ulterius
2161 2322 2490 2408 fatigandi.
2554 2322 2686 2389 Alii
2748 2324 2824 2390 de
2887 2328 3085 2408 parte,

348 2430 465 2476 non
513 2411 735 2476 sinceri
789 2414 847 2475 1.

557 2549 787 2633 Capta:
836 2552 915 2615 ad
961 2550 1221 2615 tertium
1265 2553 1330 2615 et
1374 2551 1670 2616 ultimum
1738 2552 2021 2627 dicimus,
2087 2553 2265 2634 quod,
2330 2551 2438 2616 ubi
2498 2550 2916 2635 disposuimus
2973 2552 3084 2633 eis,

346 2634 409 2701 in
456 2643 752 2719 quantum
802 2657 943 2702 cum
990 2638 1223 2705 honore
1282 2638 1618 2721 potuimuS,
1668 2640 1787 2705 sibi
1854 2639 2236 2722 complacere
2290 2638 2353 2704 in
2416 2640 2757 2705 amonendo
2818 2644 3083 2719 nostros,

346 2725 508 2807 quod
554 2743 673 2790 non
721 2727 1151 2809 presumerent
1191 2728 1408 2790 contra
1463 2726 1755 2790 honorem
1828 2732 2106 2792 nostrum
2169 2729 2232 2792 et
2294 2728 2522 2790 bonum
2587 2745 2769 2792 suum
2831 2727 3085 2812 aliquod

346 2813 682 2892 attentare,
730 2814 892 2876 hanc
941 2816 1222 2877 nostrum
1268 2813 1682 2884 intentionem
1721 2813 2189 2897 applicaverunt
2230 2814 2347 2878 sibi
2390 2813 2656 2878 multum
2701 2815 2946 2898 largam
3007 2816 3085 2880 ad

350 2897 757 2964 intentionem
803 2918 981 2965 suam
1027 2901 1243 2965 contra
1287 2901 1577 2966 honorem
1627 2904 1929 2978 nostrum,
1970 2901 2266 2965 facientes
2313 2921 2378 2965 se
2408 2903 2762 2965 executores
2794 2901 3083 2966 ordinum

349 2990 723 3063 nostrorum,
772 3005 922 3070 quos
955 2989 1533 3068 interpretaverunt,
1582 2990 1653 3051 nt
1682 2988 2089 3070 premittitur,
2139 2988 2305 3052 sicut
2336 2989 2681 3065 voluerunt,
2726 3006 2870 3052 cum
2903 2990 3083 3054 tanto

347 3074 726 3157 improperio
771 3078 1142 3149 nostrorum,
1192 3094 1262 3139 ex
1308 3092 1426 3157 quo
1464 3075 1727 3139 dicimus
1774 3075 1897 3139 sibi
1939 3076 2123 3152 clare,
2172 3074 2332 3156 quod
2369 3075 2632 3138 intentio
2690 3077 2899 3139 nostra
2961 3078 3079 3154 est,

344 3161 505 3242 quod
552 3161 628 3225 de
672 3161 879 3243 aliquo
925 3161 1171 3243 navigio
1219 3172 1432 3226 nostro
1478 3165 1747 3240 onerato,
1795 3161 1873 3227 de
1918 3180 2039 3243 quo
2086 3162 2222 3227 vult
2265 3161 2370 3240 sit,
2419 3181 2484 3225 se
2515 3159 2687 3226 nullo
2735 3162 2913 3226 modo
2958 3162 3084 3227 im-

347 3248 561 3330 pedire
609 3251 983 3329 presumant,
1048 3251 1146 3312 set
1194 3248 1413 3330 potina,
1478 3268 1862 3331 quocumque
1924 3251 2011 3314 ire
2073 3248 2355 3325 voluerit,
2419 3249 2788 3330 permittant
2855 3247 2942 3313 ire
3002 3249 3083 3315 ad

350 3353 534 3399 suum
586 3335 853 3399 libitum.
918 3335 1149 3400 Verum
1198 3334 1261 3400 in
1306 3354 1474 3413 casu,
1539 3355 1655 3419 quo
1702 3356 1812 3419 per
1877 3336 2113 3418 aliquos
2169 3338 2410 3400 nostros
2471 3334 2774 3400 sentirent
2833 3336 3081 3402 comitti

347 3422 594 3504 aliquod
638 3425 853 3486 contra
899 3421 1127 3485 bonum
1175 3441 1355 3486 suum
1400 3426 1463 3487 et
1507 3423 1798 3488 honorem
1849 3425 2148 3501 nostrum,
2198 3424 2442 3505 possint
2485 3424 2558 3487 de
2605 3423 2721 3487 hoc
2791 3423 3078 3506 conqueri

348 3527 554 3573 coram
599 3509 778 3573 nobis
830 3512 942 3573 aut
984 3528 1090 3590 per
1135 3510 1420 3574 nuntium
1477 3514 1584 3573 aut
1647 3530 1752 3592 per
1816 3511 2111 3588 litteram,
2177 3511 2320 3592 quia
2383 3509 2813 3592 principaliter
2873 3511 3083 3596 tangit

349 3614 479 3674 nos,
527 3597 686 3678 qnod
735 3596 927 3660 nostri
973 3596 1215 3660 ordines
1261 3599 1599 3675 serventur,
1643 3596 1732 3660 ita
1779 3597 1938 3680 quod
2002 3596 2327 3679 puniemus
2389 3597 2930 3675 contrafacientes,
2985 3617 3084 3663 se·

349 3683 617 3747 cundum
666 3684 824 3766 quod
869 3682 1145 3764 exegerit
1189 3701 1397 3746 eorum
1448 3684 1660 3763 culpa;
1710 3686 1772 3747 et
1819 3684 1879 3747 in
1927 3684 2168 3747 ultimis
2217 3685 2674 3767 conqueruntur
2734 3685 2808 3750 de
2869 3684 3077 3750 nobile

350 3770 477 3835 viro
544 3770 785 3834 Marino
834 3769 1225 3852 Superanti0,
1270 3769 1374 3852 qui
1423 3771 1555 3834 ibat
1601 3788 1738 3834 cum
1789 3771 1917 3835 sale
1966 3769 2303 3835 Catharum
2367 3773 2507 3842 etc„
2567 3772 2852 3848 dicimuS,
2915 3771 3077 3854 quod

348 3876 460 3921 nos
506 3858 805 3922 habemus
854 3876 1107 3921 causam
1152 3856 1544 3937 potissimam
1589 3858 1884 3938 gravandi
1939 3876 2004 3922 se
2051 3862 2263 3922 contra
2307 3857 2470 3940 ipsos
2516 3859 2590 3922 de
2636 3876 2724 3936 eo,
2772 3859 2930 3940 quod
2984 3857 3077 3922 ita

352 3946 819 4026 presumptuose
866 3944 1212 4025 impediunt
1253 3962 1318 4007 se
1366 3944 1441 4008 de
1488 3942 1692 4025 aliquo
1738 3948 1948 4009 nostro
1995 3943 2264 4026 navigio,
2314 3948 2376 4009 et
2421 3945 2582 4027 quod
2629 3943 2900 4009 deterius
2958 3946 3074 4022 est,

348 4031 814 4112 compullerunt
855 4031 1021 4094 dicta
1067 4031 1314 4112 navigia
1362 4030 1565 4094 venire
1612 4031 1978 4112 Ragusium‚
2018 4050 2137 4095 nec
2169 4031 2547 4095 intendimus
2578 4030 2694 4095 hoc
2725 4030 2855 4095 ullo
2898 4031 3077 4095 modo

349 4118 666 4193 tollerare;
713 4118 765 4182 si
813 4135 958 4182 vero
1002 4117 1205 4181 dictus
1254 4117 1536 4181 Marinus
1578 4117 1943 4181 contrafecit
2001 4117 2319 4182 ordinibus
2384 4117 2629 4196 nostris,
2693 4135 2802 4182 nos
2868 4118 3075 4199 ipsum

348 4207 690 4288 puniemuS,
740 4205 903 4269 sicut
945 4223 1054 4286 pro
1087 4205 1311 4268 honore
1349 4206 1555 4270 nostro
1603 4204 1950 4269 videbimus
1981 4205 2321 4271 convenire.
2367 4203 2598 4270 Omnes
2629 4202 2739 4268 alii
2770 4203 2844 4268 de
2877 4205 3072 4286 parte,

347 4295 424 4360 de
470 4311 588 4357 non
635 4311 690 4371 0,
739 4310 858 4356 non
904 4291 1126 4356 sinceri
1181 4296 1233 4354 1.

559 4430 787 4511 Capta:
830 4430 975 4511 quia
1024 4429 1239 4494 modus
1285 4430 1498 4495 tentus
1542 4449 1651 4511 per
1698 4429 2007 4494 Marinum
2056 4428 2440 4511 SuperantiO,
2490 4429 2738 4493 euntem
2772 4428 3072 4497 Catarum

348 4538 488 4585 cum
560 4518 706 4593 sale,
769 4516 1064 4581 veniendo
1132 4536 1271 4582 cum
1341 4517 1694 4582 hominibus
1754 4516 2078 4598 armigeris
2140 4519 2212 4579 de
2260 4514 2483 4579 Cataro
2540 4518 2604 4580 et
2663 4534 2803 4580 cum
2868 4519 3069 4585 vexilo

343 4606 544 4671 sancti
587 4603 803 4681 Marci,
851 4602 1016 4667 sicut
1061 4608 1346 4669 asserunt
1391 4603 1684 4687 Ragusei,
1732 4607 1827 4667 est
1867 4604 2227 4668 inhonestus
2270 4605 2333 4667 et
2381 4603 2847 4679 inconveniens:
2896 4605 3071 4672 vadit

347 4711 510 4777 pars,
573 4691 729 4773 quod
793 4690 1099 4756 scribatur
1153 4692 1319 4757 dicto
1383 4692 1643 4769 Μετίου,
1702 4690 2015 4773 arguendo
2074 4689 2280 4772 ipsum
2340 4690 2417 4754 de
2486 4689 2669 4754 modo
2730 4692 2913 4756 tento
2960 4712 3070 4775 per

436 4811 618 4864 stou.
663 4811 748 4862 ιν.
2607 4792 2652 4862 4
