3620 5282
2914 346 3044 412 353

749 520 941 602 DII.
992 518 1195 601 God.
1251 518 1477 602 1396.
1532 520 1631 601 14
1684 517 2036 622 siecnja,
2088 543 2149 602 u
2202 518 2595 602 Mletcih.

548 662 843 731 Mleteani
887 664 1227 737 ueprimajvt
1272 680 1315 722 u
1360 664 1530 736 svoju
1581 664 1738 723 vlast
1772 665 2126 739 ponudjena
2158 665 2275 738 jim
2318 665 2516 739 ρναᾱα
2560 666 2815 727 Kotora.

526 801 715 865 1395.
765 803 869 865 die
919 803 999 866 14
1046 802 1328 866 ianuarii.
1392 800 1717 883 Sapientes
1776 802 2021 867 consilii
2085 805 2147 866 et
2211 801 2518 868 ordinum.
2586 801 2819 883 Capta:
2889 803 3035 887 quia

319 887 534 952 multis
582 890 967 972 respectibus
1016 909 1135 954 non
1179 890 1414 953 faceret
1461 908 1568 971 pro
1615 890 1843 954 honore
1880 890 2072 954 nostri
2106 889 2363 953 dominii
2396 909 2593 972 neque
2632 891 2784 955 bono
2818 891 3033 956 nostro

314 974 547 1042 intrare
594 978 670 1040 ad
719 978 1167 1060 acceptandum
1214 981 1278 1041 et
1323 977 1868 1042 intromittendum
1913 997 1978 1042 se
2025 977 2100 1042 de
2149 978 2404 1042 civitate
2451 976 2794 1055 Cattarina,
2842 997 3035 1060 quam

316 1064 488 1127 nobis
537 1064 715 1129 offert
760 1066 873 1129 illa
919 1067 1139 1130 civitas
1188 1083 1327 1128 cum
1374 1065 1597 1146 pactiS,
1649 1066 1843 1130 modis
1891 1068 1953 1129 et
1991 1066 2450 1131 condicionibus
2484 1066 2658 1129 nobis
2691 1066 2751 1129 in
2786 1065 3039 1148 scriptis

315 1151 512 1227 datis3
559 1153 734 1217 vadit
781 1172 944 1234 parS,
995 1153 1154 1235 quod
1201 1171 1338 1216 cum
1390 1152 1518 1216 illis
1565 1152 1827 1216 utilibus
1875 1156 1937 1216 et
1983 1154 2329 1217 accomodis
2357 1153 2579 1231 verbis,
2608 1173 2725 1234 que
2774 1154 3041 1237 collegio

313 1239 700 1317 videbuntur,
751 1240 1075 1324 regratiari
1123 1240 1346 1304 debeat
1391 1241 1551 1304 dicte
1599 1241 2033 1305 communitati
2085 1240 2161 1304 de
2208 1242 2366 1305 bona
2397 1241 2819 1320 dispositione,
2855 1260 3041 1324 quam

314 1327 503 1392 habet
548 1330 622 1392 ad
671 1330 948 1393 nostrum
983 1329 1297 1405 honorem,
1332 1328 1671 1393 lutanando
1702 1347 1766 1392 se
1799 1329 1877 1392 ab
1907 1329 2020 1392 hoc
2045 1347 2156 1411 per
2186 1328 2368 1392 illum
2404 1329 2728 1393 honestum
2765 1329 3040 1408 modum,

312 1416 414 1496 qui
448 1415 613 1481 dicto
658 1416 920 1498 collegio
969 1415 1298 1490 videbitur,
1342 1417 1496 1498 'quia
1543 1435 1661 1479 non
1709 1415 1944 1481 faceret
1991 1433 2102 1498 pro
2150 1414 2331 1480 factis
2374 1416 2608 1481 nostris
2656 1417 3044 1499 respectibus

315 1503 776 1586 suprascriptis.
827 1504 919 1568 De
967 1506 1141 1585 parte
1194 1504 1335 1581 107,
1384 1502 1460 1568 de
1506 1521 1629 1567 non
1677 1503 1736 1581 7,
1786 1521 1906 1569 non
1952 1504 2179 1569 sinceri
2226 1504 2287 1568 3.

399 1610 640 1671 Secreta
691 1611 865 1671 Cous,
923 1610 1074 1686 1309.
1118 1611 1194 1673 R.
1248 1613 1394 1684 120,
1443 1630 1487 1672 α
1531 1612 1688 1673 mlet.
1739 1613 1973 1673 arkivu.

719 1835 952 1917 DIII.
1011 1834 1218 1923 God.
1278 1836 1508 1919 1396.
1565 1838 1664 1919 14
1719 1834 2071 1939 sicema,
2127 1858 2185 1918 u
2241 1818 2635 1964 Mletcih.

320 1997 570 2070 Odbijen
620 1998 901 2076 predloy,
965 1998 1046 2057 da
1102 2015 1165 2057 se
1232 2000 1505 2071 ueprima
1544 1999 1798 2071 ponuda
1849 1998 2101 2072 Gjorqja
2146 1997 2484 2058 Sracimira
2525 1997 2694 2072 ylede
2734 1997 2979 2059 Skadra
3020 2001 3046 2061 i

314 2086 530 2160 druyih
574 2087 801 2155 miesta,
849 2090 903 2146 te
949 2087 972 2145 i
1017 2087 1195 2160 druqi
1228 2087 1496 2161 predloy,
1542 2087 1623 2144 da
1683 2103 1745 2145 se
1804 2087 2057 2160 odpravi
2089 2087 2378 2160 poslanik
2433 2086 2637 2158 krakju
2684 2089 3041 2161 aqam-hro„

312 2175 467 2232 nelca
509 2174 805 2246 republiki
848 2174 1093 2244 dozvoli,
1144 2174 1225 2233 da
1269 2176 1325 2233 si
1372 2175 1533 2322 miz
1560 2175 1958 2337 3330'0753?
2000 2176 2229 2245 miesta‚
2277 2174 2419 2248 koJ'a
2458 2175 2646 2249 polaq
2695 2176 3047 2252 turinskoya

534 2381 721 2445 1395.
773 2382 868 2445 die
916 2382 1105 2446 XIIII
1151 2381 1431 2448 ianuarii.
1498 2382 1612 2448 Ser
1670 2384 2022 2448 Leonardus
2085 2383 2369 2448 Dandulo
2434 2381 2614 2446 miles
2657 2388 3037 2465 procurator,

318 2486 417 2531 ser
468 2467 741 2533 Michael
792 2469 978 2535 Steno
1023 2473 1401 2554 procurator,
1465 2491 1564 2536 ser
1631 2473 1934 2537 Fantinns
1995 2471 2261 2554 Georgio
2329 2471 2529 2547 mileS,
2594 2489 2693 2535 ser
2756 2472 3040 2539 Albanus

321 2555 652 2633 Baduario,
705 2558 1013 2638 sapientes
1060 2557 1321 2623 consilii.
1371 2558 1530 2638 Quia
1576 2561 1672 2624 est
1717 2580 1815 2624 res
1863 2561 2109 2643 sapiens
2157 2564 2219 2624 et
2265 2558 2798 2624 recomendatione
2830 2560 3037 2644 digna,

318 2645 560 2725 quando
611 2645 927 2711 dubitatur
976 2649 1049 2711 do
1095 2646 1275 2711 factis
1324 2650 1559 2724 mundi,
1610 2652 1775 2714 stare
1822 2648 1987 2713 intra
2036 2667 2176 2713 suos
2225 2649 2537 2722 terminOS,
2592 2648 2655 2711 et
2716 2667 2831 2713 non
2881 2651 3042 2733 vigi-

319 2732 451 2798 lare
498 2751 691 2815 neque
739 2733 1060 2799 attendere
1107 2736 1180 2799 ad
1233 2755 1330 2799 res
1376 2737 1619 2813 dubiae,
1669 2756 1740 2800 ex
1789 2737 2014 2818 quibus
2060 2738 2221 2800 exire
2269 2738 2517 2818 possent
2543 2734 2745 2817 alique
2779 2738 3037 2817 sintille,

316 2840 433 2902 que
481 2824 733 2902 possent
782 2841 1036 2899 erroreS,
1071 2822 1401 2887 divisiones
1443 2826 1553 2889 aut
1586 2825 1877 2889 scandala
1906 2843 2219 2907 generare,
2255 2824 2599 2887 cuiusmodi
2625 2842 2759 2888 esse
2793 2830 3040 2906 possent

315 2910 589 2992 negocia,
640 2928 758 2991 que
805 2909 982 2974 nobis
1029 2915 1452 2992 proponuntur
1498 2932 1606 2994 per
1644 2912 2128 2976 ambasciatores
2191 2912 2422 2974 domini
2484 2910 2735 2992 Georgii
2801 2913 3040 2978 Straci·

316 2998 492 3070 miri;
541 2998 715 3061 vadit
760 3016 922 3078 pars,
972 2998 1130 3079 quod
1178 2999 1621 3080 respondeatur
1669 3000 1924 3071 eisdem,
1975 3001 2130 3081 quod
2182 3018 2289 3062 nos
2335 2999 2618 3062 videmus
2653 3000 2874 3065 bonam
2914 3001 3041 3065 dis-

314 3084 681 3165 positionem
731 3088 794 3148 et
841 3086 1222 3150 voluntatem
1271 3086 1504 3151 domini
1552 3088 1648 3151 sui
1693 3089 1770 3152 ad
1817 3087 2073 3152 honores
2100 3089 2358 3164 nostr08,
2393 3085 2652 3149 volendo
2684 3089 2862 3152 nobis
2888 3088 3036 3153 dare

312 3172 464 3249 loca,
514 3191 631 3252 que
674 3171 849 3237 nobis
896 3172 1097 3252 offert,
1149 3175 1222 3237 de
1270 3175 1433 3259 quod
1482 3177 1896 3257 regraciamur
1938 3175 2055 3238 sibi
2112 3176 2265 3238 satis
2322 3178 2386 3236 et
2430 3190 2540 3236 nos
2586 3173 2905 3240 offerimus
2954 3179 3032 3241 ad

314 3278 402 3331 ea,
449 3279 566 3341 que
614 3261 923 3342 possimus
970 3261 1167 3325 facere
1215 3263 1279 3325 in
1326 3262 1619 3327 honorem
1695 3267 1757 3326 et
1804 3265 2038 3328 statum
2108 3281 2287 3326 suum
2335 3264 2654 3343 tamquam
2719 3264 3030 3328 carissimi

313 3347 466 3411 civis
514 3350 578 3411 et
621 3349 803 3412 amici
852 3350 1425 3432 nostri‚‘rogantes,
1472 3369 1589 3432 quo
1653 3369 1768 3415 non
1816 3352 2126 3433 gravetur,
2181 3351 2232 3413 si
2299 3368 2407 3431 pro
2455 3367 2616 3412 nunc
2663 3367 2785 3413 non
2830 3354 3037 3416 atten-

315 3436 522 3499 dimus
569 3437 645 3499 ad
692 3438 1137 3518 acceptandum
1186 3440 1337 3515 loca,
1409 3458 1526 3520 que
1586 3441 1761 3503 nobis
1825 3439 2021 3516 offert,
2090 3436 2234 3520 quia
2299 3439 2376 3501 ad
2429 3437 2596 3501 istud
2642 3437 2802 3501 bona
2850 3458 3038 3505 causa

315 3541 427 3587 nos
477 3522 733 3599 inducit,
781 3541 852 3587 ac
899 3524 1227 3589 suadentes
1275 3530 1576 3608 quantum
1622 3528 1855 3591 scimus
1904 3529 1968 3591 et
2010 3527 2343 3608 possimuS‚
2378 3527 2540 3608 quod
2582 3526 2665 3588 sit
2698 3529 3039 3594 constantis

313 3614 377 3674 et
424 3611 568 3675 boni
615 3612 803 3675 animi
847 3613 926 3676 ad
972 3615 1305 3677 tenendum
1367 3618 1430 3677 et
1491 3613 1984 3678 conservandum
2046 3613 2163 3678 sibi
2223 3613 2352 3691 illa,
2414 3618 2478 3677 et
2544 3612 2621 3677 ad
2685 3612 3036 3680 faciendum

314 3699 448 3780 ipsa
496 3700 647 3762 bene
694 3699 1011 3778 custodiri,
1061 3701 1150 3764 ita
1197 3701 1356 3781 quod
1402 3720 1521 3765 non
1569 3704 1788 3766 exeant
1854 3704 1927 3766 de
1969 3701 2257 3765 manibus
2320 3701 2469 3777 suiS,
2519 3702 2664 3784 quia
2709 3720 3033 3784 speramus

294 3787 377 3851 in
422 3787 629 3851 divina
674 3790 899 3870 gratia,
950 3788 1107 3870 quod
1152 3789 1226 3852 de
1269 3788 1439 3853 brevi
1486 3790 1907 3870 providebitur
1953 3809 2137 3872 super
2184 3789 2367 3853 dictis
2401 3790 2582 3853 factis
2615 3807 2724 3871 per
2755 3791 3033 3868 modum,

315 3877 474 3956 quod
523 3894 644 3939 non
684 3876 805 3939 erit
835 3876 1177 3957 expediens,
1212 3876 1374 3958 quod
1410 3877 1518 3941 illa
1560 3878 1796 3942 tribuat
1842 3878 2048 3954 alicui,
2097 3876 2436 3941 lutanando
2484 3896 2548 3941 se
2595 3877 2671 3940 ab
2721 3877 2835 3942 hoc
2881 3897 3026 3943 cum

317 3962 456 4026 istis
504 3967 568 4025 et
613 3963 759 4026 aliis
809 3964 981 4027 bonis
1045 3968 1106 4027 et
1165 3965 1395 4028 dextris
1472 3966 1705 4045 verbiS,
1781 3965 2122 4030 secundum
2168 3964 2325 4047 quod
2373 3964 2647 4028 dominio
2696 3967 3034 4047 apparebit.

315 4049 408 4113 De
453 4052 625 4132 parte
688 4051 793 4124 29,
856 4052 963 4127 31,
1033 4052 1137 4129 28,
1187 4053 1290 4129 28,
1342 4053 1448 4116 29.
1530 4054 1618 4116 De
1667 4057 1837 4135 parte
1885 4056 2147 4136 quatuor
2193 4053 2500 4134 sapientes
2570 4052 2851 4117 ordinum
2928 4055 3033 4134 28,

315 4138 419 4217 36,
490 4139 595 4215 36,
664 4138 770 4216 40,
820 4138 924 4215 37,
973 4139 1049 4203 de
1097 4160 1213 4204 non
1262 4140 1367 4219 22,
1419 4158 1535 4206 non
1585 4141 1803 4206 sinceri
1854 4142 1959 4217 37,
2007 4141 2112 4217 48,
2184 4142 2288 4219 50,
2334 4141 2442 4215 48,
2510 4140 2615 4214 50,

524 4225 703 4302 Nota,
752 4227 912 4307 quod
960 4228 1123 4291 istud
1172 4227 1514 4311 capitulum
1567 4232 1663 4293 est
1708 4249 1897 4293 unum
1946 4228 2310 4310 capitulum,
2359 4226 2519 4309 quod
2570 4228 2832 4294 debebat
2904 4249 3038 4295 esse

315 4315 380 4377 et
420 4314 792 4395 sequebatur
847 4316 1148 4397 quandam
1197 4317 1440 4397 partem
1485 4317 1752 4398 positam
1800 4336 1907 4399 per
1955 4319 2216 4398 quatuor
2263 4317 2574 4398 sapientes
2621 4316 2907 4382 ordinum
2958 4320 3037 4383 ad

313 4400 526 4465 kartas
587 4401 667 4463 97
736 4403 800 4465 et
868 4422 984 4467 non
1029 4402 1151 4468 fuit
1195 4408 1467 4485 captum.

525 4488 608 4552 Et
654 4489 811 4572 quia,
861 4490 932 4554 ut
978 4491 1213 4555 dictum
1260 4493 1375 4567 est,
1426 4492 1697 4556 multum
1761 4491 1997 4557 faceret
2055 4510 2164 4574 pro
2229 4491 2403 4556 nobis
2473 4492 2538 4555 et
2583 4493 3038 4559 mercatoribus

314 4574 562 4647 nostris,
608 4576 769 4660 quod
821 4577 943 4642 ista
989 4578 1208 4643 civitas
1258 4576 1502 4643 Scutari
1547 4579 1704 4644 foret
1749 4581 1866 4645 sub
1914 4580 2183 4643 dominio
2230 4583 2441 4644 nostro
2490 4580 2748 4644 infinitis
2796 4599 3042 4663 respec-

311 4661 499 4742 tibus,
547 4664 611 4728 et
655 4664 732 4727 ad
777 4664 941 4729 istud
990 4666 1075 4730 sit
1121 4686 1312 4731 unum
1359 4667 1771 4743 obstaculum,
1822 4670 1982 4751 quod
2029 4667 2252 4731 leviter
2284 4667 2719 4745 removebitur,
2753 4667 3033 4733 faciendo

311 4748 528 4814 dextro
574 4753 753 4815 modo
798 4755 862 4816 et
905 4772 1045 4817 cum
1096 4754 1370 4837 tempore
1418 4753 1584 4821 facta
1624 4759 1855 4837 nostra,
1905 4754 2144 4821 scilicet
2175 4758 2444 4838 punctus
2475 4757 2645 4836 pacis
2678 4755 3015 4838 Hungarie‚

447 4868 628 4920 spon.
660 4872 745 4920 Π.
2637 4858 2724 4924 23
