3620 5282
488 358 614 424 104

927 533 1163 615 CLV.
1238 531 1450 615 (iod.
1508 531 1735 613 1348.
1790 530 1892 612 14
1943 531 2230 631 rujna,
2283 552 2342 612 u
2398 529 2788 611 Mletclh.

491 659 813 749 Ovlcfscwic
836 677 898 721 se
943 661 1089 719 knez
1133 659 1436 728 zadarski‚
1484 659 1564 716 da
1605 675 1681 731 po
1726 657 1913 730 svojoj
1951 657 2093 728 voljz·
2137 656 2194 714 iz
2225 654 2429 713 Zadra
2475 656 2724 728 odpravi
2757 655 3205 727 nadbiskupova

950 748 1352 821 namjestnika
1396 748 1418 806 i
1463 747 1663 821 druge,
1710 746 1836 818 koja'
1877 746 1934 802 bi
1977 762 2078 802 mu
2122 760 2183 802 se
2227 744 2510 816 sumnjc’vi
2556 744 2737 802 ὄὶηιῖῑὶ.

705 885 891 950 1348.
940 884 1039 949 (116
1086 884 1234 949 XIV
1298 882 1686 965 septembriS,
1730 882 1946 964 capta:
2010 880 2166 965 quod
2228 881 2669 963 respondeatur
2728 879 2944 944 comiti
3004 878 3193 945 Jadre

490 992 673 1056 super
718 972 880 1038 facto
925 973 1139 1038 vica-rii
1186 971 1623 1054 archiepiscopi
1670 970 1877 1047 Jadre,
1922 971 1995 1035 (16
2040 988 2157 1051 quo
2198 970 2431 1045 scribit,
2483 968 2640 1052 quod
2688 987 2828 1033 cum
2874 967 3060 1032 habet
3092 986 3196 1031 su·

359 1125 363 1129 .
490 1063 791 1143 spectum,
841 1061 999 1144 quod
1047 1060 1337 1124 similiter
1379 1077 1489 1123 nos
1535 1058 1834 1123 habemus
1858 1058 2310 1140 suspectionem
2355 1059 2428 1121 de
2475 1075 2581 1131 6ος
2633 1059 2697 1120 et
2745 1055 2882 1121 ideo
2929 1056 2983 1120 ei
3031 1074 3207 1118 man-

491 1148 733 1226 damuS,
777 1150 936 1231 quod
980 1149 1194 1212 statim
1235 1147 1426 1212 faciat
1469 1146 1705 1211 dictum
1765 1146 2057 1210 vicarium
2120 1149 2185 1210 et
2248 1145 2555 1227 quoslibet
2616 1145 2813 1222 alios,
2873 1145 2976 1226 qui
3040 1143 3207 1207 vide-

493 1240 704 1303 rentur
750 1238 805 1300 ei
852 1237 1143 1319 suspecti,
1193 1236 1356 1300 exire
1401 1236 1476 1299 de
1539 1235 1791 1299 civitate
1853 1233 2076 1309 Jadra,
2142 1234 2481 1316 possendo,
2532 1231 2586 1296 si
2632 1250 2785 1315 quos
2851 1232 2924 1295 de
2969 1231 3206 1295 civibus

491 1325 678 1389 habet
723 1326 1057 1407 suspectoS,
1107 1323 1358 1389 mittere
1402 1323 1566 1406 ipsos
1616 1322 1915 1386 Venecias
1961 1322 2059 1385 vel
2109 1321 2245 1398 alio,
2296 1324 2366 1386 ut
2410 1322 2461 1383 ei
2515 1320 2820 1385 videbitur
2865 1318 3206 1385 secundum

493 1411 870 1478 condiciones
915 1430 1335 1495 personarum.

578 1503 735 1564 Scor.
781 1520 935 1564 cons.
981 1508 1166 1578 royat.
1212 1502 1287 1561 B.
1344 1505 1443 1572 16,
1489 1520 1533 1561 u
1574 1502 1915 1561 mletac'kom
1961 1502 2193 1559 arkivu.

904 1690 1186 1774 CLVI.
1260 1692 1464 1775 God.
1520 1692 1748 1774 1348.
1802 1691 1910 1774 24
1961 1691 2247 1792 rujna,
2300 1713 2359 1772 u
2412 1689 2805 1772 Mletcih.

495 1818 766 1890 Ries'eno,
812 1820 893 1879 da
936 1837 997 1878 se
1042 1820 1328 1879 obavieste
1373 1820 1665 1879 nac'elnici
1695 1818 2062 1892 primorskih
2104 1817 2370 1891 yradova
2415 1834 2454 1873 u
2487 1816 2813 1888 Dalmat-1212·
2864 1832 2896 1873 o
2943 1817 3081 1884 tom,
3128 1813 3209 1871 da

499 1907 560 1968 ἑο
605 1908 734 1966 dodi
780 1925 824 1967 u
855 1909 1193 1981 Jadransko
1230 1925 1386 1968 more
1428 1912 1525 1981 pet
1565 1908 1758 1983 yalija
1801 1907 2002 1979 kralja
2037 1906 2357 1980 ηψπ-ἤην.
2405 1904 2745 1977 Ljuclevita,
2792 1904 2816 1961 i
2851 1903 3003 1962 kako
3034 1902 3114 1959 da
3142 1918 3204 1960 se

1558 2013 1588 2055 s
1632 1997 1804 2069 m'imi
1836 1992 2164 2068 ponasajrt.

710 2114 898 2179 1348.
944 2115 1041 2180 die
1087 2116 1295 2180 XXIV
1342 2116 1730 2200 septembris.
1779 2113 1954 2193 Quod
2001 2112 2374 2178 notifficetur
2405 2112 2634 2177 nostris
2666 2110 3004 2177 rectoribus
3029 2108 3207 2174 Scla-

501 2203 678 2268 vonie
725 2222 914 2285 usque
961 2204 1302 2286 Ragusium
1351 2204 1427 2268 de
1474 2204 1738 2267 adventu
1786 2204 2050 2267 istarum
2112 2200 2375 2284 quinque
2430 2201 2751 2283 galearum
2815 2198 3044 2263 domini
3088 2199 3210 2262 Lo-

497 2291 657 2357 doici
706 2292 898 2373 (regis
944 2292 1207 2374 Apulee)
1255 2292 1321 2357 in
1368 2291 1599 2356 culfum
1634 2295 1931 2367 nostrum,
1980 2294 2043 2354 et
2089 2288 2250 2372 quod
2295 2289 2370 2353 de
2412 2289 2537 2352 suis
2580 2288 2736 2352 locis
2779 2289 2843 2351 et
2885 2286 3068 2351 terris
3100 2286 3211 2349 ha·

493 2380 680 2444 beant
724 2379 1081 2462 diligentem
1134 2379 1475 2444 custodiam
1533 2380 1597 2443 et
1659 2398 1904 2456 curam,
1954 2382 2018 2442 et
2076 2378 2333 2441 reddant
2397 2376 2639 2458 previsa
2705 2375 2912 2439 omnia
2960 2374 3208 2458 navigia

498 2471 708 2532 nostra
753 2469 817 2530 et
860 2486 973 2531 sua
1016 2468 1091 2531 de
1134 2467 1319 2548 ipsiS,
1368 2469 1440 2532 ut
1502 2467 1737 2549 possint
1798 2466 1918 2530 sibi
1964 2466 2295 2548 diligenter
2354 2483 2698 2548 precavere.
2760 2463 2846 2527 Et
2899 2463 3207 2528 scribatur

495 2555 679 2619 dictis
727 2557 1083 2631 rectoribus,
1131 2556 1286 2637 quod
1335 2574 1473 2619 cum
1522 2554 1704 2619 dictis
1749 2554 1946 2637 galeis
1983 2555 2046 2617 et
2073 2553 2421 2618 hominibus
2454 2571 2664 2616 earum
2711 2553 3033 2615 transeant
3065 2569 3207 2614 cum

497 2644 700 2708 verbis
746 2644 1176 2709 amicabilibus
1224 2645 1289 2708 et
1333 2643 1712 2721 decentibus,
1762 2643 1925 2707 sicut
1968 2661 2075 2724 pro
2122 2640 2347 2705 honore
2406 2646 2613 2705 nostro
2676 2638 2940 2704 viderint
2986 2657 3206 2704 conve-

499 2732 650 2807 nire,
697 2732 785 2796 ita
830 2735 1056 2808 tamen,
1105 2734 1266 2815 quod
1314 2732 1376 2795 in
1424 2731 1630 2815 aliquo
1690 2734 1831 2795 actu
1893 2729 2117 2794 favoris
2180 2729 2273 2793 vel
2330 2730 2624 2794 contrarii
2685 2748 2800 2794 non
2848 2728 3046 2811 possit
3089 2727 3210 2791 dici

498 2820 951 2903 partialitatem
999 2821 1271 2902 aliquam
1313 2838 1421 2884 nos
1468 2822 1692 2884 tenere.
1744 2819 1848 2881 22.

708 2907 932 2990 Capta:
987 2910 1148 2990 quod
1195 2927 1300 2990 per
1346 2926 1533 2972 unam
1580 2907 1874 2971 barcham
1936 2905 2230 2971 velociter
2292 2904 2665 2969 notifficetur
2726 2903 2940 2969 comiti
3005 2904 3210 2971 nostro

366 3018 371 3022 ·
499 2995 756 3077 Ragusii
806 3003 870 3060 et
914 2997 1055 3060 aliis
1101 2997 1328 3060 nostris
1374 2995 1718 3060 rectoribus
1767 2994 2083 3060 Sclavonie
2128 2994 2203 3058 (16
2249 2993 2376 3058 illis
2424 2993 2690 3077 quinque
2736 2992 2932 3077 galeis
2978 2991 3212 3057 domini

497 3083 813 3159 Ludovici,
856 3102 971 3165 que
1021 3085 1224 3149 venire
1270 3084 1557 3148 dicuntur
1601 3084 1679 3146 ad
1725 3083 1836 3148 has
1882 3086 2108 3165 partes,
2158 3082 2476 3147 scribendo
2526 3082 2634 3156 eiS,
2683 3081 2840 3164 quod
2889 3081 2943 3144 si
2966 3081 3042 3143 ad
3073 3080 3209 3145 loca

500 3188 614 3234 sua
664 3171 955 3250 venirent,
1003 3173 1269 3236 tractent
1313 3190 1419 3235 eas
1466 3171 1898 3245 amicabiliter,
1946 3171 2107 3234 sicut
2148 3172 2468 3235 convenire
2531 3170 2825 3234 videbunt
2885 3167 3095 3232 honori
3144 3168 3208 3231 et

498 3259 653 3323 bono
701 3262 923 3335 nostro,
969 3259 1245 3324 habendo
1288 3259 1691 3343 principalem
1737 3263 2087 3342 respectum
2142 3262 2207 3323 et
2253 3261 2474 3323 bonam
2525 3257 2929 3339 provisionem
2976 3254 3056 3318 ad
3101 3273 3211 3318 cu-

508 3346 772 3410 stodiam
821 3350 884 3411 et
925 3348 1443 3412 conservationem
1491 3351 1818 3424 terrarum,
1867 3346 2138 3412 locorum
2188 3350 2533 3411 nostrorum
2574 3348 2637 3408 et
2679 3344 3063 3426 navigiorum
3100 3359 3211 3405 no-

499 3437 804 3515 strorum3
852 3435 1151 3500 reddendo
1199 3434 1274 3499 de
1319 3436 1433 3500 hoc
1477 3437 1720 3518 previsa
1760 3436 2009 3519 navigia
2071 3436 2314 3513 nostra,
2363 3454 2477 3517 que
2539 3433 2877 3497 transirent
2913 3448 3021 3513 per
3068 3448 3209 3494 suas

505 3526 735 3606 partes.
779 3524 884 3602 43,
928 3524 1003 3589 de
1050 3542 1166 3588 non
1214 3525 1276 3602 4,
1325 3542 1444 3588 non
1490 3524 1713 3588 sinceri
1766 3525 1866 3587 12.

587 3613 744 3673 Scor.
790 3631 945 3674 com.
990 3619 1175 3689 royac.
1216 3615 1312 3674 zib.
1358 3615 1434 3672 B.
1481 3617 1585 3683 21,
1632 3633 1673 3672 u
1719 3616 1934 3673 arkivu
1973 3613 2327 3684 mletadflcom.

892 3804 1221 3886 CLVII.
1284 3803 1488 3886 God.
1544 3803 1772 3887 1348.
1829 3802 1930 3886 28
1983 3803 2269 3903 1113611,
2323 3824 2382 3883 6
2436 3802 2824 3885 Mletcih.

505 3931 823 4005 Odrech'uje
867 3948 945 3998 se,
992 3932 1145 3989 nelca
1192 3948 1252 3989 se
1290 3931 1446 4004 pred
1487 3931 1812 4005 uyar.-hrv.
1867 3929 2240 4002 poseanikom
2303 3930 2461 3989 auid
2519 3931 2543 3988 i
2585 3932 2670 3989 24
2709 3949 2867 4004 prva
2911 3931 3210 4003 (103101611-

846 4021 1116 4078 stvenika
1160 4020 1486 4094 saprisesu,
1529 4020 1609 4077 da
1652 4019 1713 4077 ce
1756 4018 2019 4092 poyodbu
2053 4018 2341 4091 primi-rja
2385 4023 2542 4078 sveto
2586 4020 2858 4092 ispaniti.

719 4140 904 4205 1348.
953 4139 1048 4204 die
1095 4140 1393 4223 vigesimo
1429 4142 1642 4205 octavo
1687 4138 2075 4221 septembris,
2125 4141 2344 4222 capta:
2394 4159 2534 4204 cum
2568 4138 2630 4204 in
2662 4140 2942 4222 treuguis
2973 4143 3036 4205 et
3068 4147 3211 4205 con-

507 4228 712 4294 cordio
759 4230 1027 4293 tractato
1074 4229 1233 4293 iuter
1277 4228 1590 4293 dominum
1639 4247 1844 4312 regem
1891 4226 2160 4309 Ungarie
2213 4246 2318 4291 seu
2366 4228 2498 4292 eius
2536 4227 2959 4292 ambaxatores
3009 4232 3072 4293 et
3103 4247 3210 4291 nos

503 4317 665 4380 inter
708 4316 832 4379 alia
883 4318 1189 4391 caveatur,
1237 4318 1392 4397 quod
1444 4318 1570 4400 ipse
1618 4315 1898 4381 dominus
1964 4334 2066 4379 rex
2113 4334 2253 4380 cum
2302 4315 2524 4397 viginti
2568 4315 2644 4380 (16
2688 4315 3025 4381 maioribus
3074 4316 3203 4381 suis

507 4404 674 4487 ipsas
716 4409 1007 4488 treuguas
1055 4409 1118 4468 et
1163 4403 1542 4468 concordiam
1579 4403 1928 4478 retificabit,
1978 4406 2040 4467 et
2083 4403 2468 4486 approbabit,
2515 4406 2578 4467 et
2623 4404 3028 4487 personaliter
3069 4424 3208 4469 cum

502 4491 684 4556 dictis
731 4493 952 4575 viginti
997 4491 1321 4557 baronibus
1367 4492 1596 4557 iurabit
1643 4493 2037 4575 corporaliter
2084 4493 2249 4573 ipsas
2297 4494 2590 4574 treuguas
2618 4509 2898 4566 servare;
2950 4493 3013 4556 et
3060 4492 3202 4575 quia

506 4580 706 4644 dictus
748 4582 867 4644 dux
914 4599 946 4644 6
993 4580 1295 4645 contrario
1341 4598 1480 4644 cum
1525 4579 1744 4662 vigint-i
1792 4580 1867 4643 de
1934 4579 2242 4643 nobilibus
2293 4579 2696 4644 Veneciarum
2751 4580 2973 4643 debeat
3033 4579 3205 4642 sirni-

504 4668 647 4733 liter
694 4669 858 4753 ipsas
904 4669 1210 4734 ratificare
1256 4669 1321 4731 et
1366 4667 1600 4741 iurare;
1645 4672 1707 4732 et
1752 4667 1915 4732 sicut
1964 4667 2241 4745 audistiS,
2283 4668 2413 4749 ipse
2459 4667 2743 4732 dominus
2792 4688 2892 4731 rex
2942 4667 3203 4749 Ungarie

511 4774 652 4822 cum
695 4755 917 4842 viginti
963 4754 1292 4822 baronibus
1337 4754 1466 4820 suis
1510 4754 1804 4821 iuraverit
1847 4758 1910 4820 et
1953 4754 2298 4837 prostiterit
2344 4756 2796 4821 sacramentum
2827 4753 3104 4820 debitum
3137 4774 3210 4819 ex
