3620 5282
528 335 652 400 192

515 512 681 576 teras
731 512 973 576 nostras
1022 513 1303 594 patentes
1349 515 1752 592 remittimus,
1818 534 1925 596 per
1983 533 2135 597 quas
2197 516 2331 580 tute
2396 513 2636 592 venire,
2703 514 2867 579 stare
2937 512 3142 577 valeat
3187 513 3254 578 et

515 601 738 677 redire,
787 602 850 664 et
896 600 1332 678 ordinavimus»,
1383 601 1543 683 quod
1594 600 1692 666 die
1740 603 1895 667 XIII
1941 602 2168 667 mensis
2233 602 2479 686 augusti
2544 602 2853 684 proximo,
2915 602 3077 665 sicut
3124 604 3255 666 sta-

517 687 641 752 tuit
684 686 847 752 lator
897 707 1168 771 presens,
1221 689 1281 752 in
1332 688 1558 772 Segnia
1610 690 1730 755 erit
1777 690 2092 773 navigium
2143 691 2422 754 nostrum
2474 689 2823 766 sufficiens,
2893 708 3078 772 super
3136 706 3253 772 quo

516 793 727 839 secure
774 777 1104 840 ascendere
1158 777 1386 858 poterit
1432 778 1496 842 et
1543 778 1770 855 venire,
1821 780 1884 842 et
1928 779 1990 841 in
2041 778 2173 842 eius
2221 779 2424 842 reditu
2470 778 2761 842 similiter
2823 778 2879 842 ei
2926 778 3001 840 de
3049 795 3259 841 neces-

517 863 683 927 saria
728 864 1059 929 securitate
1109 865 1424 945 providere
1469 865 1845 942 curabimuS,
1906 862 2225 948 cupientes
2290 865 2462 929 vobis
2531 868 2734 930 vestre
2801 865 3150 930 maiestatis
3195 866 3259 928 in

515 950 662 1102 giis
686 953 752 1016 et
798 950 939 1015 aliis
984 951 1159 1016 nobis
1206 952 1606 1035 possibilibus
1654 954 2060 1036 complacere.
2133 954 2365 1017 Datum
2417 953 2514 1018 die
2561 954 2769 1017 XXIV
2819 953 2974 1032 iulii,
3025 952 3119 1016 III
3166 952 3260 1016 in-

558 1037 821 1103 ictiouis.

726 1127 812 1190 Et
859 1145 931 1191 ex
984 1145 1143 1191 nunc
1192 1126 1275 1191 sit
1323 1129 1596 1211 captum,
1638 1131 1796 1211 quod
1846 1129 2002 1193 fiant
2047 1128 2166 1194 sibi
2217 1128 2426 1192 littere
2465 1129 2816 1194 securitatis
2863 1102 3146 1210 patentes
3190 1126 3254 1192 in

518 1232 589 1279 ea
636 1213 853 1293 forma,
903 1234 1018 1297 que
1064 1215 1417 1290 videbitur3
1463 1219 1528 1281 et
1574 1218 1731 1299 quod
1782 1219 2078 1299 ternpore,
2127 1236 2246 1299 quo
2294 1216 2624 1294 videbitur,
2676 1216 2968 1280 mittatur
3013 1235 3134 1279 una
3182 1233 3254 1280 ex

516 1301 761 1366 barchis
809 1303 1009 1385 longis
1060 1304 1154 1366 vel
1199 1303 1367 1368 aliud
1421 1304 1756 1388 navigium,
1807 1306 1972 1369 sicut
2009 1305 2317 1369 videbitur
2365 1305 2658 1383 dominio,
2709 1324 2816 1387 pro
2862 1305 3250 1369 conducendo

517 1391 582 1454 et
626 1390 968 1455 reducendo
1018 1391 1309 1455 nuncium
1358 1393 1759 1457 antedictum.
1834 1394 1916 1457 Et
1960 1393 2266 1457 scribatur
2328 1393 2559 1457 uostris
2606 1392 2940 1458 comitibus
2991 1391 3251 1457 Sibinici

518 1481 583 1542 et
624 1479 930 1561 Tragurii,
981 1478 1285 1543 mittendo
1332 1481 1420 1543 eis
1469 1480 1819 1563 exemplum
1870 1480 2225 1544 litterarum
2273 1482 2435 1545 dicte
2489 1480 2735 1563 regine,
2784 1480 2943 1564 quod
2992 1479 3253 1544 mittant

519 1584 660 1630 suos
707 1566 963 1630 nuncios
1011 1566 1316 1631 Teninum
1363 1566 1723 1632 informatos
1772 1570 1846 1633 de
1892 1569 2175 1651 dampnis
2238 1587 2490 1633 suorum
2554 1587 2663 1652 pro
2726 1568 3009 1632 habenda
3071 1567 3255 1631 satis-

516 1653 783 1718 factione
831 1654 1150 1736 premissa.

602 1745 783 1804 Misti
831 1744 1072 1804 XXVI.
1120 1749 1222 1816 40,
1270 1764 1311 1804 u
1355 1746 1695 1806 naetackom
1736 1748 1969 1806 arkivu.

809 1932 1331 2017 chxxvl.
1390 1934 1595 2017 eon.
1636 1911 1868 2021 135‘0.
1923 1936 2025 2021 25
2079 1937 2407 2039 srpnja,
2458 1960 2519 2018 u
2574 1935 2966 2019 metam.

520 2060 850 2134 Kapetanu
884 2063 1323 2135 pomorskomu,
1368 2064 1523 2122 nelca
1570 2080 1632 2122 se
1684 2081 1714 2122 s
1747 2063 1985 2122 brodovi
2029 2064 2105 2122 od
2150 2063 2544 2122 Dubrovnika
2602 2063 2902 2121 neodalecz'
2924 2106 2937 2132 ,
2985 2061 3152 2120 dokle
3196 2078 3259 2120 se

898 2167 1257 2219 ncrazazna,
1300 2152 1472 2209 kamo
1522 2168 1596 2210 su-
1641 2152 1886 2210 krenule
1931 2153 1988 2211 iz
2039 2152 2282 2224 Napula
2317 2153 2646 2227 yenuvezke
2686 2151 2886 2225 qalije.

733 2266 917 2332 1350.
968 2268 1296 2334 indictione
1345 2267 1461 2347 111,
1509 2268 1609 2333 die
1657 2270 1868 2335 XXVI
1909 2271 2062 2336 iulii.
2114 2269 2225 2335 Ser
2257 2271 2507 2336 Marcus
2541 2270 2757 2335 Ruzini
2795 2269 3060 2352 sapiens,
3101 2266 3254 2333 Cum

513 2355 688 2421 nobis
736 2355 1058 2420 incumbat
1102 2356 1179 2420 ad
1228 2358 1769 2421 conservationem
1818 2360 2012 2423 nostri
2057 2359 2304 2425 honoris
2351 2363 2416 2424 et
2465 2361 2706 2436 statuS,
2756 2361 2822 2422 et
2869 2358 3137 2422 maxime
3182 2356 3258 2420 ad

515 2444 908 2508 securitatem
959 2445 1261 2526 presentis
1308 2448 1555 2509 armate
1605 2445 1903 2510 Romanie
1944 2446 2293 2521 intendere3
2341 2449 2407 2511 et
2445 2467 2553 2530 per
2615 2446 2856 2510 litteras
2905 2445 3086 2509 datas
3132 2442 3262 2508 Ne-

513 2530 677 2614 apoli
724 2531 877 2595 XIII
938 2532 1119 2596 huius
1165 2532 1394 2597 mensis
1442 2531 1790 2597 habeantur
1817 2553 1974 2598 nova
2021 2536 2208 2610 certa,
2256 2535 2417 2616 quod
2464 2534 2638 2617 galee
2662 2532 2883 2611 Janue,
2934 2551 3049 2615 que
3082 2532 3263 2596 erant

514 2618 801 2702 Neapoli,
853 2622 1239 2685 recesserunt
1303 2639 1339 2685 a
1386 2620 1641 2687 servicio
1698 2622 1928 2688 domini
1992 2621 2325 2702 Ludovici,
2376 2624 2440 2687 et
2487 2620 2792 2697 nescitur,
2841 2637 2961 2702 quo
3009 2618 3258 2699 iverint,

515 2727 627 2773 nec
675 2708 970 2791 quidquid
1016 2710 1418 2792 protendant:
1470 2710 1641 2775 vadit
1688 2728 1850 2792 pare,
1901 2710 2065 2793 quod
2114 2711 2313 2794 galea,
2363 2729 2479 2792 que
2524 2710 2625 2774 hic
2672 2709 2991 2787 remansit,
3042 2707 3260 2772 mitta-

515 2799 616 2861 tur
665 2796 959 2862 velociter
1005 2799 1142 2880 post
1187 2798 1369 2876 aliaS,
1416 2800 1480 2861 et
1525 2798 1833 2862 scribatur
1882 2799 2205 2881 capitaneo
2250 2798 2414 2874 culfi,
2462 2797 2622 2880 quod
2670 2815 2812 2861 cum
2861 2797 3104 2861 armata
3151 2813 3260 2859 no-

513 2887 644 2949 stra
688 2883 969 2967 predicta
1018 2904 1265 2968 gressus
1318 2903 1461 2950 suos
1508 2904 1697 2967 quam
1745 2888 2062 2951 comodius
2111 2904 2241 2953 esse
2290 2888 2498 2968 potest
2558 2885 2744 2952 vadat
2805 2902 2998 2967 usque
3045 2884 3259 2967 Ragu-

513 2972 674 3036 sium
722 2972 1061 3051 dilatando,
1112 2975 1175 3037 et
1211 2973 1439 3037 deinde
1489 2992 1604 3037 non
1656 2974 1935 3039 discedat
1966 2993 2104 3038 cum
2142 2978 2382 3038 armata
2426 2973 2720 3058 predicta,
2768 2972 2965 3037 donec
3009 2991 3047 3036 a
3078 2971 3255 3036 nobis

512 3059 799 3123 habuerit
845 3060 1012 3124 aliud
1061 3063 1123 3126 in
1175 3062 1513 3125 mandatis.
1564 3063 1647 3126 Et
1696 3064 1840 3143 quia
1884 3063 2305 3126 verisimiliter
2338 3065 2434 3126 est
2465 3063 2819 3137 tenendum,
2869 3051 3028 3143 quod
3063 3077 3255 3142 usque

513 3147 591 3210 ad
633 3146 788 3211 duos
837 3149 933 3212 vel
982 3150 1110 3213 tres
1161 3149 1291 3213 dies
1341 3149 1419 3212 ad
1464 3150 1711 3233 longius
1758 3168 1916 3214 nova
1961 3151 2035 3215 de
2082 3150 2286 3216 Janua
2322 3151 2713 3214 habebuntur
2758 3148 2834 3212 de
2880 3148 3076 3230 galeis
3117 3166 3256 3229 pre-

514 3234 716 3312 dictis,
771 3254 887 3317 que
935 3236 1009 3299 de
1056 3237 1325 3320 Neapoli
1374 3241 1778 3313 recesserunt,
1830 3239 2052 3320 quibus
2100 3239 2276 3302 novis
2323 3238 2557 3302 habitis
2615 3236 2912 3300 maiorem
2961 3235 3256 3300 informa-

516 3323 749 3386 tionem
798 3325 863 3386 et
909 3324 1238 3388 clariorem
1286 3325 1673 3403 habebimus,
1725 3329 1788 3389 et
1837 3327 2176 3408 poterimus
2222 3326 2285 3390 in
2333 3327 2494 3391 facto
2541 3324 2702 3388 dicte
2765 3325 3004 3386 armate
3049 3322 3256 3387 nostre

518 3410 844 3492 providere
901 3413 965 3475 et
1006 3411 1347 3476 deliberare
1396 3413 1755 3490 consultius,
1801 3413 1963 3495 quod
2028 3414 2358 3514 agendum:
2426 3414 2510 3477 Et
2576 3412 2709 3475 ideo
2756 3411 3070 3474 occasione
3116 3427 3256 3491 pre·

518 3499 684 3562 dicta
752 3499 999 3562 interim
1071 3503 1304 3581 quanto
1366 3500 1628 3565 celerius
1691 3501 1824 3565 fieri
1891 3505 2096 3582 potest
2156 3501 2362 3584 parari
2423 3501 2643 3565 debeat
2706 3517 2895 3564 uuum
2943 3498 3250 3597 lignetum

516 3586 746 3651 subtile
797 3589 930 3651 tam
977 3587 1049 3650 de
1097 3585 1448 3652 hominibus
1495 3607 1680 3670 quam
1729 3588 1804 3652 de
1844 3589 1986 3652 aliis
2032 3590 2414 3672 opportunis,
2465 3608 2571 3671 per
2620 3587 2779 3670 quod
2822 3586 3010 3651 scribi
3056 3583 3258 3668 possit

512 3674 681 3739 dicto
733 3676 1055 3758 capitaneo
1097 3675 1177 3753 id,
1219 3676 1379 3757 quod
1428 3694 1537 3758 per
1588 3675 1753 3739 istud
1820 3677 2146 3740 consilium
2215 3676 2403 3742 fuerit
2463 3679 2531 3740 in
2578 3675 2743 3740 facto
2790 3673 2957 3739 dicte
3016 3674 3257 3738 armate

514 3766 724 3828 nostre
772 3762 1178 3827 terminatum
1227 3766 1292 3828 et
1337 3763 1784 3841 deliberatum,
1835 3783 1905 3828 ac
1948 3769 2138 3828 etiam
2199 3783 2358 3829 nova
2429 3763 2672 3842 omnia,
2723 3782 2841 3846 que
2888 3761 3258 3827 habebimus

513 3852 587 3915 de
632 3851 843 3916 ‚Ianua
885 3850 1180 3915 faciencia
1220 3870 1326 3933 pro
1377 3850 1560 3915 factis
1610 3850 1944 3934 predictiS,
2013 3854 2083 3917 ut
2128 3854 2259 3936 ipse
2320 3853 2407 3918 sit
2463 3852 2538 3917 de
2600 3851 2888 3917 omnibus
2931 3867 3259 3916 occurren-

514 3938 685 4004 tibus
731 3939 1012 4023 previsus
1059 3941 1124 4003 et
1168 3940 1440 4021 plenarie
1487 3939 1878 4003 informatus.

599 4030 778 4090 Misti
831 4030 1072 4090 XXVI.
1117 4034 1219 4101 41,
1272 4048 1315 4090 u
1356 4030 1699 4090 mletackom
1743 4032 1976 4091 arkivu.

780 4219 1347 4304 CCLXXVII.
1403 4222 1609 4305 God.
1664 4222 1894 4306 1350.
1946 4223 2054 4306 30
2107 4225 2430 4326 srpnja,
2481 4244 2544 4306 u
2596 4218 2987 4305 Mletcih.

1276 4350 1540 4409 meran
1586 4351 1764 4410 oabor
1807 4367 1882 4411 za
1922 4351 2199 4410 arvatske
2240 4350 2497 4423 poszove.

731 4471 916 4535 1350.
965 4473 1306 4556 penultimo
1354 4473 1511 4537 iulii.
1558 4473 1758 4537 Electi
1803 4472 2110 4555 sapientes
2153 4490 2261 4555 pro
2308 4469 2488 4536 factis
2522 4469 2881 4535 Sclavonie:
2922 4487 3021 4532 ser
3067 4467 3226 4531 Pau-

510 4556 609 4621 lus
655 4557 949 4642 Belegno,
998 4580 1095 4625 ser
1142 4561 1424 4625 Marinus
1478 4560 1802 4639 Baduario,
1854 4578 1953 4623 ser
1996 4559 2276 4624 Marinus
2327 4558 2722 4644 Superaucio.

597 4648 778 4707 Μίεἰί
827 4645 1068 4709 XXVI.
1116 4653 1218 4722 42,
1263 4669 1306 4710 u
1352 4652 1569 4710 arkivu
1612 4651 1972 4711 mlctackom.
