3620 5282
2967 411 3095 477 237

774 578 1154 661 CCCXL.
1210 580 1390 662 God
1470 581 1688 663 1387.
1744 584 2119 684 travnja,
2174 604 2233 664 u
2286 583 2679 666 Mletcih.

364 723 623 783 Izviesc‘e
667 724 1025 798 mletac'koya
1062 724 1378 796 bsljeinika
1415 725 1750 796 podneseno
1796 727 2093 797 republikz'
2129 745 2210 799 po
2234 745 2392 787 soom
2439 728 2691 787 dolazku
2733 731 2789 789 iz
2833 732 3098 807 Uqarske

818 831 861 870 u
894 812 1075 884 poslu
1121 813 1519 886 oslobocbenja
1566 814 1893 886 uzapdenih
1934 815 2192 886 lev-aljica
2239 817 2261 873 i
2307 831 2339 873 0
2385 832 2623 876 savezu.

581 934 807 997 Forma
857 932 1174 996 relationis
1222 931 1381 997 facte
1428 952 1536 1015 per
1583 934 1906 1015 providum
1955 935 2150 998 virum
2200 935 2605 1000 Laurentium
2678 940 2752 1003 de
2821 940 3096 1008 Monacis

371 1021 686 1086 notarium
730 1021 895 1084 curie
944 1039 1053 1102 pro
1101 1025 1276 1104 parte
1326 1021 1548 1085 nobilis
1598 1022 1716 1086 viri
1764 1040 1864 1085 ser
1926 1022 2322 1086 Pantaleonis
2386 1025 2587 1089 Barbo
2650 1028 3093 1095 ambaxiatoris

368 1110 444 1176 ad
493 1111 699 1192 partes
746 1108 1067 1189 Hungarie
1114 1108 1177 1172 in
1226 1109 1524 1192 quantum
1574 1110 1781 1191 tangit
1820 1111 1882 1173 et
1927 1114 2167 1191 spectat
2215 1110 2291 1172 ad
2341 1109 2505 1176 facta
2552 1113 2795 1179 unionis
2844 1120 2908 1180 et
2948 1119 3094 1182 sub-

369 1198 512 1263 sidii
567 1196 881 1279 postulati.
950 1194 1383 1260 Serenissimus
1452 1197 1734 1260 dominus
1804 1195 2245 1281 Sigismundus
2301 1217 2405 1261 rex
2452 1200 2774 1282 Hungarie
2825 1206 2982 1269 dixit
3029 1208 3089 1270 in

370 1288 465 1351 die
514 1303 696 1368 pasce
743 1286 804 1348 in
854 1285 1145 1349 viridario
1215 1303 1323 1349 suo
1368 1283 1620 1348 domino
1659 1285 2044 1349 ambaxatori
2073 1288 2460 1367 presentibus
2497 1290 2823 1354 baronibus
2861 1295 2924 1356 et
2957 1313 3095 1374 pre-

371 1374 553 1439 latis:
603 1373 849 1437 domine
918 1372 1320 1449 ambaxiator,
1372 1391 1478 1435 nos
1526 1391 1739 1436 sumus
1783 1374 2057 1437 contenti
2105 1377 2168 1437 et
2223 1375 2590 1457 requirimus
2641 1377 2864 1442 habere
2899 1383 3091 1461 ligam

369 1481 510 1526 cum
553 1460 801 1526 domino
847 1464 999 1525 duce
1041 1461 1106 1524 et
1153 1478 1475 1524 commune
1524 1459 1947 1538 venetiarum,
1983 1462 2142 1525 sicut
2175 1463 2497 1526 voluerunt
2538 1469 2602 1527 et
2634 1469 3092 1546 requisiverunt

371 1554 568 1614 mater
632 1553 845 1613 nostra
890 1550 955 1613 et
1000 1566 1151 1612 uxor
1212 1552 1441 1625 nostra,
1492 1552 1556 1612 et
1601 1548 1736 1612 ideo
1799 1567 2090 1631 rogamus
2151 1567 2276 1624 voe,
2344 1551 2413 1613 ut
2459 1551 2727 1616 mittatis
2782 1557 3090 1620 notarium

369 1636 805 1702 dominationis
859 1637 1141 1701 Venetias
1196 1640 1442 1717 propter
1484 1636 1617 1710 hoc,
1653 1638 1717 1699 et
1762 1655 1867 1700 vos
1917 1638 2334 1711 remaneatis;
2371 1640 2434 1701 et
2466 1645 2680 1719 postea
2727 1641 2885 1706 dixit
2929 1643 3090 1707 idem

369 1726 658 1790 dominus
703 1744 841 1788 rex:
892 1724 1136 1789 domine
1182 1723 1512 1788 cardinalis
1558 1723 1840 1805 Quinque
1887 1724 2275 1788 ecclesiensis
2324 1728 2528 1789 nescio
2564 1729 2716 1792 bene
2764 1729 2936 1812 loqui
2986 1731 3094 1795 lit-

375 1814 678 1891 teraliter,
727 1812 953 1876 dicatis
1003 1829 1128 1875 vos,
1180 1811 1352 1875 Tunc
1413 1812 1693 1875 dominus
1752 1812 2087 1876 cardinalis
2148 1813 2307 1877 dixit
2370 1813 2618 1878 domino
2668 1820 3088 1883 ambaxatori:

370 1902 611 1966 domine
682 1900 1085 1977 ambaxiator,
1159 1918 1262 1964 vos
1311 1900 1465 1963 bene
1526 1899 1852 1963 audivistis
1915 1900 2229 1963 dominum
2280 1919 2508 1982 regem,
2558 1903 2661 1985 qui
2707 1903 2882 1982 dixit,
2930 1910 3090 1988 quod

372 1994 470 2054 est
514 1991 861 2066 contentuS‚
910 1991 975 2053 et
1007 1986 1267 2070 requirit
1313 1988 1535 2051 habere
1582 1986 1774 2069 ligam
1824 2006 1965 2051 cum
2037 1987 2452 2052 dominatione
2511 1995 2735 2067 vestra,
2777 1995 2938 2057 sicut
2987 2013 3092 2060 vo-

369 2079 490 2143 luit
537 2082 600 2142 et
647 2076 970 2158 requisivit
1015 2075 1411 2139 serenissima
1445 2078 1645 2138 mater
1675 2093 1787 2138 sua
1820 2093 1889 2139 ac
1926 2076 2321 2140 serenissima
2360 2077 2609 2142 domina
2654 2099 2786 2158 sua,
2839 2083 2902 2146 et
2934 2084 3091 2163 quod

369 2166 738 2231 remaneatis
785 2167 850 2228 et
893 2163 1163 2228 mittatis
1202 2163 1639 2227 cancellarium
1694 2163 2010 2228 venetias,
2059 2162 2402 2245 Respondit
2447 2166 2731 2231 dominus
2779 2170 3091 2235 ambaxia-

370 2257 465 2318 tor
530 2252 778 2315 domino
827 2252 993 2333 regi:
1057 2251 1449 2315 serenissime
1518 2250 1761 2314 domine
1835 2270 1956 2328 reX,
2023 2251 2414 2315 serenissime
2485 2256 2728 2319 domine
2781 2260 2982 2321 mater
3024 2261 3089 2323 et

371 2360 518 2405 uxor
559 2342 765 2406 vestra
814 2339 1266 2420 requisiverunt
1320 2337 1804 2403 dominationem
1873 2357 2076 2402 meam
2139 2339 2214 2402 de
2263 2339 2390 2422 liga
2440 2341 2501 2403 in
2551 2341 2727 2406 mari.
2780 2344 3083 2410 Dominus

369 2427 718 2509 Stephanus
788 2426 1060 2510 voyvoda
1106 2426 1457 2508 respondit:
1506 2428 1614 2505 ita,
1665 2426 1771 2504 ita,
1822 2427 1895 2489 de
1943 2427 2071 2508 liga
2121 2428 2178 2490 in
2232 2427 2387 2491 mari
2435 2429 2717 2494 dicimus.
2766 2430 2939 2497 Tunc
2974 2434 3087 2498 do-

372 2517 573 2582 miuus
620 2515 999 2579 ambaxiator
1045 2514 1219 2591 dixit,
1269 2516 1427 2596 quod
1473 2515 1615 2597 quia
1661 2515 1889 2578 missus
1935 2513 2137 2578 fuerat
2183 2515 2258 2579 ad
2307 2516 2769 2598 requisitionem
2815 2521 3087 2585 serenis-

367 2605 667 2670 simarum
714 2601 1104 2667 dominarum
1151 2603 1501 2684 reginarum
1569 2604 1866 2685 tempore,
1935 2620 2053 2685 quo
2102 2603 2459 2687 regnabant,
2509 2605 2868 2688 syndicatus
2916 2609 3091 2675 dice·

370 2695 477 2759 bat
521 2692 585 2754 in
635 2709 958 2773 personam
1022 2709 1253 2770 earum,
1318 2690 1424 2754 sed
1473 2692 1641 2755 iuxta
1689 2692 2150 2772 requisitionem
2201 2692 2395 2773 ipsius
2441 2692 2672 2758 domini
2725 2697 2887 2779 regis
2934 2699 3090 2764 mit-

364 2783 524 2847 teret
569 2778 878 2844 notarium
930 2778 1220 2843 Venetias
1266 2779 1343 2842 ad
1381 2778 1888 2854 dominationem,
1939 2782 2003 2843 et
2050 2778 2179 2862 ipse
2223 2784 2590 2846 remaneret.

578 2867 880 2932 Dominus
920 2886 1022 2931 rex
1069 2867 1287 2930 statim
1338 2868 1476 2948 post
1529 2867 1715 2931 verba
1758 2866 1871 2930 illa
1916 2868 2192 2950 predicta
2238 2869 2430 2932 traxit
2478 2869 2536 2932 in
2601 2873 2839 2952 partem
2888 2873 3090 2939 domi-¹

366 2976 515 3021 num
563 2955 1042 3021 ambaxiatorem
1092 2958 1158 3019 et
1196 2955 1507 3017 dominum
1566 2953 1948 3036 Stephanum
2012 2957 2344 3038 voyvodam
2410 2974 2705 3039 magnum
2772 2963 3084 3042 comitem,

370 3048 432 3109 et
477 3044 667 3109 dixit:
720 3041 940 3108 Comes
985 3043 1253 3107 Joannes
1301 3041 1376 3105 de
1425 3040 1622 3124 Vegla
1666 3043 1918 3123 scripsit
1963 3045 2159 3115 nobis,
2210 3046 2370 3125 quod
2416 3062 2524 3126 per
2571 3064 2662 3122 ea,
2711 3067 2830 3129 que
2878 3068 3085 3115 sense-

362 3135 479 3209 rat,
508 3131 800 3214 sperabat
824 3131 1134 3195 dominam
1163 3131 1427 3194 matrem
1447 3132 1721 3194 nostram
1757 3129 1959 3194 adhuc
2010 3130 2229 3206 vivere,
2261 3133 2365 3195 sed
2391 3134 2549 3212 quod
2597 3134 2669 3197 de
2716 3137 2882 3199 certo
2933 3158 3083 3203 uxor

365 3221 579 3286 nostra
624 3217 890 3296 vivebat,
940 3221 1004 3283 et
1032 3218 1265 3301 quodsi
1315 3219 1708 3282 mitteremus
1764 3218 1885 3282 sibi
1935 3221 2204 3301 gentem,
2256 3221 2320 3283 et
2365 3220 2620 3284 haberet
2666 3224 3015 3290 subsidium
3049 3245 3085 3292 a

366 3310 544 3384 mari,
594 3310 986 3389 recuperaret
1032 3307 1217 3387 ipsas.
1256 3306 1336 3368 Et
1367 3306 1503 3369 ideo
1532 3324 1677 3388 rogo
1703 3325 1827 3379 VOS,
1864 3310 1932 3370 ut
1957 3306 2345 3370 commitatis
2389 3310 2645 3387 notario,
2696 3311 2851 3392 quod
2910 3318 3087 3398 roget

367 3395 874 3472 dominationem,
926 3398 993 3458 ut
1039 3394 1328 3477 dignetur
1373 3394 1495 3457 sibi
1555 3395 1808 3475 prebere
1872 3393 2222 3458 subsidium
2270 3413 2307 3458 a
2352 3396 2525 3473 mari,
2569 3400 2633 3460 et
2675 3417 2787 3481 ego
2837 3402 3081 3467 mittam

369 3485 490 3548 sibi
539 3486 757 3567 gentes
804 3485 864 3546 in
913 3483 1096 3557 terra,
1139 3484 1225 3545 ita
1273 3483 1425 3564 quod
1478 3500 1595 3546 uno
1634 3483 1850 3545 eodem
1913 3484 2186 3564 tempore
2255 3486 2586 3547 concurrat
2653 3488 2996 3553 subsidium
3049 3510 3081 3555 a

365 3575 531 3637 terra
577 3575 640 3636 et
681 3590 718 3635 a
762 3572 939 3634 mari.
992 3571 1292 3634 Dominus
1342 3569 1728 3633 ambaxiator
1762 3571 2112 3651 respondit:
2148 3570 2539 3635 serenissime
2570 3590 2695 3649 rex,
2722 3576 2773 3637 si
2811 3577 3082 3657 placebit

359 3662 471 3723 deo
540 3662 604 3723 et
650 3659 1050 3724 dominationi
1103 3677 1255 3734 mee,
1300 3658 1453 3739 quod
1504 3657 1614 3721 hec
1649 3657 1774 3739 liga
1822 3659 1885 3720 in
1919 3659 2070 3721 mari
2111 3659 2236 3734 fiat,
2272 3662 2490 3739 postea
2547 3663 2849 3726 serenitas
2881 3669 3085 3730 vestra

360 3747 619 3811 habebit
662 3766 698 3810 a
745 3747 1160 3810 dominatione
1207 3746 1316 3809 illa
1362 3763 1450 3821 ea,
1485 3765 1599 3827 que
1626 3750 1807 3808 erunt
1843 3745 2014 3809 vobis
2057 3749 2234 3827 grata
2267 3747 2331 3809 et
2378 3746 2692 3827 placibilia
2739 3752 3074 3817 secundnm

356 3835 615 3899 formam
664 3835 808 3918 lige.
858 3835 1156 3897 Dominus
1220 3832 1565 3914 Stephanus
1638 3851 1900 3913 magnus
1946 3851 2150 3897 comes
2198 3835 2547 3915 respondit:
2618 3836 2905 3902 dominus
2947 3858 3082 3903 am-

360 3924 636 3987 baxiator
703 3922 859 3986 dicit
924 3940 1177 3995 verum3
1227 3920 1449 3984 melius
1511 3923 1625 3997 est,
1676 3922 1838 4001 quod
1909 3921 2106 4001 primo
2176 3922 2284 3984 fiat
2332 3921 2475 4002 liga,
2529 3923 2580 3984 si
2632 3921 2835 4003 placet
2878 3927 3081 3991 domi-

358 4012 616 4075 nationi.

566 4097 684 4161 Per
729 4114 821 4171 ea,
868 4116 985 4178 que
1033 4098 1315 4159 dominus
1359 4096 1743 4159 ambaxiator
1804 4096 2311 4178 compretendere
2360 4100 2560 4179 potuit
2605 4117 2676 4162 ex
2727 4100 2930 4164 verbis
2981 4105 3082 4165 do-

357 4186 510 4250 mini
558 4186 720 4267 regis
770 4186 833 4248 et
902 4187 1223 4261 baronum,
1295 4185 1407 4265 ipsi
1479 4185 1706 4257 volent,
1772 4186 1927 4266 quod
2000 4184 2129 4266 liga
2196 4187 2560 4249 extendatur
2617 4191 2832 4251 contra
2878 4191 3080 4254 terras

354 4273 670 4338 Dalmatie
717 4291 753 4336 a
800 4272 977 4345 mari,
1027 4272 1287 4335 rebelles
1333 4276 1398 4335 et
1446 4272 1910 4335 innobedientes
1962 4290 2172 4354 regne.

565 4362 678 4424 Die
727 4378 881 4424 nono
927 4361 1139 4440 aprilis
1185 4361 1245 4423 in
1288 4362 1452 4441 regia
1478 4359 1714 4441 capella
1760 4361 1902 4423 dum
1955 4362 2146 4422 missa
2180 4360 2615 4436 celebraretur,
2649 4362 2936 4429 dominus
2970 4386 3076 4429 rex

350 4450 505 4512 dixit
550 4449 795 4512 domino
844 4450 1248 4512 ambaxiatori
1297 4447 1443 4512 soli:
1515 4449 1758 4510 domine
1801 4448 2186 4511 ambaxiator
2231 4448 2341 4510 boc
2390 4449 2562 4511 vobis
2609 4450 2694 4514 sit
2738 4459 3072 4517 secretum.

352 4537 484 4620 Ego
531 4555 672 4601 cum
723 4536 1051 4600 baronibus
1094 4540 1158 4598 et
1194 4537 1449 4617 prelatis
1515 4536 1667 4597 meis
1712 4534 2048 4598 deliberavi
2097 4554 2203 4615 per
2252 4536 2402 4598 duas
2451 4536 2864 4603 hebdomadas
2912 4543 3079 4605 ultra

349 4625 577 4689 festum
630 4628 1039 4706 pentecostem
1089 4643 1220 4688 esse
1265 4626 1321 4688 in
1368 4641 1586 4704 campo
1634 4626 1847 4686 contra
1892 4622 2193 4686 Joannem
2267 4623 2535 4685 bannum
2585 4629 2648 4689 et
2679 4628 2940 4707 priorem
2987 4650 3084 4692 re-

351 4713 542 4777 belles
591 4716 855 4789 nostrOS,
906 4714 970 4777 et
1004 4713 1318 4775 destruere
1352 4730 1453 4775 eos
1500 4712 1671 4773 iuxta
1704 4727 1883 4790 posse
1931 4712 2234 4784 nostrum,
2284 4714 2345 4773 et
2391 4710 2480 4772 ire
2514 4729 2702 4792 usque
2736 4717 2809 4777 ad
2848 4713 3076 4792 locum,

347 4800 451 4865 ubi
497 4801 640 4865 sunt
686 4801 929 4865 domine
998 4803 1193 4863 mater
1242 4801 1306 4863 et
1351 4817 1498 4863 uxor
1544 4798 1773 4861 nostra.
1824 4798 1908 4860 Et
1970 4796 2114 4877 quia
2159 4795 2533 4877 dubitamuS,
2599 4800 2756 4883 quod
2819 4802 3080 4866 rebelles
