3620 5282
2985 381 3069 446 29

648 552 1062 634 XXXIX.
1117 552 1324 634 God.
1378 552 1597 635 1347.
1650 555 1692 633 1
1746 552 2198 655 listopada,
2249 577 2310 636 u
2365 554 2755 638 Mletcih.

1182 679 1473 752 Napatak
1517 696 1591 739 za
1624 680 1817 753 paska
1875 681 2230 744 komomike.

568 819 749 883 1347.
816 819 911 883 die
973 818 1171 901 primo
1230 818 1520 883 octubris.
1585 816 1952 883 commissio
2013 821 2487 885 camerariorum
2545 821 2719 904 Pagi.
2785 821 2939 887 Juro
2989 821 3066 886 ad

338 908 664 992 evangelia
710 910 925 972 sancta
967 906 1065 971 dei
1113 925 1223 989 ego
1272 957 1287 971 .
1339 957 1352 970 .
1404 957 1419 972 .
1468 907 1570 990 qui
1618 926 1755 971 sum
1802 909 2177 972 camerarius
2243 909 2304 972 in
2374 909 2578 973 insula
2623 910 2810 993 Pagi,
2883 910 3069 993 profi-

332 1016 527 1061 cuum
575 1000 641 1060 et
683 996 971 1060 honorem
1022 995 1435 1070 Venetiarum‚
1483 994 1671 1058 salvis
1718 995 2008 1078 capitulis
2055 996 2117 1059 in
2149 997 2262 1061 hoc
2306 997 2624 1079 capitulari
2659 996 3068 1080 specificatis:

334 1085 426 1148 Et
476 1104 620 1149 cum
666 1084 740 1149 de
787 1085 918 1148 toto
966 1084 1114 1159 sale,
1164 1082 1270 1165 qui
1313 1084 1655 1147 extrahitur
1709 1084 1781 1147 de
1831 1083 1998 1166 Pago
2062 1104 2168 1166 per
2234 1085 2484 1150 modum
2547 1087 2913 1168 emptioni8‚
2970 1082 3069 1150 vel

334 1192 454 1256 per
492 1172 690 1236 alium
737 1190 1157 1255 quemcunque
1208 1170 1474 1249 modum,
1525 1190 1632 1253 per
1676 1189 2106 1254 quamcunque
2154 1192 2497 1255 personam,
2546 1175 2965 1257 undecunque,
3003 1177 3067 1238 et

333 1263 757 1343 cuiuscunque
798 1259 1161 1325 conditionis
1204 1260 1446 1338 existat,
1498 1258 1654 1323 solvi
1702 1258 1926 1323 debeat
1968 1280 2076 1343 per
2122 1265 2464 1344 emptorem
2504 1262 2600 1325 vel
2647 1265 3052 1326 extractorem

335 1350 497 1414 salis
543 1348 808 1432 predicti
853 1367 963 1431 pro
1009 1348 1290 1430 quolibet
1334 1346 1684 1412 centenario
1733 1347 2077 1412 modiorum
2124 1348 2331 1413 ducati
2395 1351 2661 1432 quinque
2711 1351 2887 1428 auri,
2941 1350 3063 1414 exi·

336 1456 494 1521 gam
543 1440 606 1501 et
663 1436 955 1519 recipiam
1003 1437 1235 1500 dictum
1280 1437 1522 1500 dacium
1586 1435 1735 1499 salis
1796 1435 2042 1500 nomine
2106 1438 2447 1501 communis
2494 1438 2890 1503 Venetiarum
2921 1488 2936 1513 ,
3001 1442 3064 1503 et

338 1524 678 1609 providebo
725 1529 788 1589 et
834 1524 1175 1600 solicitabO,
1223 1543 1297 1588 ne
1344 1524 1407 1588 in
1451 1525 1583 1606 ipso
1629 1523 1795 1589 datio
1835 1524 1980 1588 salis
2025 1524 2192 1588 fraus
2240 1526 2687 1591 committatur.
2756 1527 2837 1590 Et
2881 1547 3064 1610 prop-

336 1617 513 1678 terea
557 1613 753 1678 habeo
799 1612 1153 1677 libertatem
1200 1630 1339 1676 cum
1385 1613 1606 1676 comite
1654 1612 1805 1695 Pagi
1854 1614 1918 1677 et
1962 1613 2125 1678 socio
2177 1634 2308 1678 ineo
2353 1634 2456 1695 per
2490 1616 2782 1679 maiorem
2817 1618 3059 1697 partem

337 1705 695 1767 nostrorum
743 1700 1092 1783 imponendi
1137 1703 1200 1765 et
1244 1700 1552 1764 statuendi
1595 1719 1803 1782 penas,
1853 1720 1945 1777 ne,
1993 1706 2065 1765 ut
2112 1703 2344 1766 dictum
2392 1703 2489 1766 est
2534 1722 2738 1786 supra,
2808 1705 2872 1766 in
2925 1704 3058 1787 ipso

336 1790 516 1855 datio
565 1790 713 1853 salis
761 1788 930 1853 fraus
977 1788 1186 1871 aliqua
1232 1790 1613 1853 comittatur.

560 1878 643 1942 Et
689 1895 898 1941 omnes
945 1878 1374 1959 possessioneS,
1424 1877 1642 1954 terraS,
1691 1876 1921 1941 salinas
1969 1879 2033 1941 et
2081 1897 2270 1959 aquas
2316 1896 2387 1942 ac
2435 1878 2594 1941 bona
2643 1877 2839 1943 insule
2889 1879 3058 1961 Pagi,

334 1986 460 2050 que
503 1967 891 2049 spectassent
940 1967 1013 2028 ad
1064 1968 1343 2029 nostrum
1392 1984 1734 2041 commune,
1783 1984 1897 2048 que
1930 1984 2088 2029 nuuc
2119 1966 2448 2030 deveniant
2479 1966 2554 2031 ad
2588 1971 2863 2031 nostrum
2890 1985 3058 2032 com-

343 2074 537 2120 mune
584 2053 1009 2131 veneciarum,
1058 2053 1388 2136 inquiram,
1440 2053 1887 2132 intromittam,
1952 2057 2016 2117 et
2075 2054 2327 2119 salvabo
2374 2074 2513 2118 cum
2561 2054 2726 2119 socio
2781 2073 2916 2120 meo
2964 2074 3064 2121 ca-

347 2142 639 2219 merarie,
688 2143 751 2207 et
793 2160 903 2225 pio
950 2161 1050 2206 me
1092 2141 1310 2219 solum,
1356 2142 1408 2204 si
1454 2140 1584 2223 ipse
1628 2142 1832 2223 aliquo
1879 2160 2023 2205 casu
2077 2143 2372 2206 interesse
2414 2160 2532 2207 non
2579 2145 2816 2225 posset,
2865 2147 2928 2208 et
2972 2148 3065 2209 te-

349 2232 508 2296 nebo
555 2232 617 2295 in
663 2230 926 2295 culmen.
974 2230 1057 2293 Et
1104 2230 1156 2294 si
1203 2228 1417 2293 comiti
1464 2230 1652 2314 Pagi,
1720 2230 1904 2294 michi
1965 2232 2027 2293 et
2073 2232 2234 2295 socio
2281 2248 2416 2295 meo
2467 2232 2564 2295 vel
2612 2233 2828 2296 maiori
2894 2232 3058 2313 parti

344 2321 694 2385 nostrorum
742 2317 1071 2395 videbitur,
1122 2317 1411 2381 affictabo
1456 2336 1564 2399 per
1607 2318 1964 2394 incautum,
2015 2322 2075 2381 et
2122 2319 2480 2396 disfictabO,
2545 2320 2705 2384 sicut
2751 2320 2915 2385 dicto
2962 2339 3061 2385 co-

347 2409 490 2473 miti
539 2409 604 2472 et
647 2406 822 2471 nobis
863 2407 1096 2470 duobus
1144 2405 1530 2482 camerariis,
1588 2405 1688 2469 vel
1732 2406 1949 2469 maiori
2000 2409 2157 2488 parti
2214 2407 2488 2472 affictare
2537 2412 2600 2473 et
2645 2407 2955 2474 disfictare
3001 2411 3065 2473 et

344 2500 557 2562 tenere
606 2496 667 2559 in
716 2494 958 2559 culmen
1007 2495 1235 2559 bonum
1275 2493 1605 2557 videbitur.
1650 2494 1732 2557 Et
1777 2494 1831 2557 si
1879 2495 2082 2576 aliquo
2127 2514 2271 2559 casu
2319 2496 2518 2560 socius
2557 2516 2729 2560 meus
2762 2497 3059 2561 interesse

346 2603 470 2651 non
521 2585 732 2668 posset
775 2585 849 2648 ad
897 2602 987 2662 ea,
1036 2601 1153 2665 que
1200 2582 1361 2647 dicta
1407 2584 1571 2656 sunt,
1620 2580 1933 2660 facienda,
2006 2583 2100 2648 vel
2162 2584 2235 2648 ad
2286 2587 2525 2668 partem
2576 2603 2822 2665 eorum,
2875 2586 3063 2651 debeo

344 2693 419 2739 ea
465 2674 666 2738 facere
710 2691 847 2736 cum
896 2670 1149 2736 consilio
1195 2673 1258 2735 et
1306 2670 1685 2753 beneplacito
1732 2670 1879 2735 dicti
1926 2672 2168 2737 comitis
2215 2673 2390 2757 Pagi.

557 2762 641 2824 Et
684 2759 953 2825 scribam
999 2760 1193 2824 eciam
1242 2759 1518 2835 confinia,
1567 2759 1981 2842 possessiones
2028 2762 2352 2838 terrarum,
2404 2761 2740 2825 salinarum
2781 2765 2844 2825 et
2873 2780 3062 2844 aqua-

342 2869 483 2915 rum
534 2849 944 2933 predictarum
991 2848 1298 2923 distincte,
1347 2848 1411 2910 et
1448 2864 1558 2929 pro
1606 2849 1837 2930 quanto
1879 2847 2151 2913 affictata
2193 2851 2290 2913 est
2333 2868 2689 2932 unaqueque
2737 2851 3059 2931 possessiO,

347 2942 535 3013 terra,
587 2936 785 3001 salina
832 2938 896 3001 et
941 2954 1100 3018 aqua
1144 2933 1436 3018 predicte,
1495 2936 1558 2998 et
1600 2936 1698 2999 cui
1746 2936 1840 2999 vel
1889 2936 2113 3018 quibus
2165 2942 2226 3000 et
2272 2957 2379 3020 pro
2426 2941 2655 3019 quanto
2719 2939 2948 3019 preti0,
2998 2941 3061 3003 et

346 3027 423 3091 ad
474 3026 772 3107 quantum
822 3027 1106 3105 tempus;
1154 3027 1217 3087 et
1262 3024 1317 3087 si
1364 3022 1563 3087 socius
1612 3042 1783 3087 meus
1830 3024 2036 3106 aliquo
2088 3043 2250 3098 casu,
2317 3024 2555 3107 quando
2603 3043 2716 3108 ego
2771 3026 3056 3106 scribam,

345 3114 613 3179 scribere
660 3132 775 3177 non
826 3114 1054 3195 posset,
1098 3112 1313 3176 statim
1362 3112 1601 3194 quando
1650 3111 1885 3175 venerit
1930 3112 2005 3175 ad
2056 3112 2252 3177 locum
2291 3113 2694 3178 constitutum
2735 3114 3059 3195 scribendi,

344 3202 592 3279 faciam,
641 3199 798 3283 quod
845 3201 976 3283 ipse
1023 3200 1252 3264 scribet
1313 3200 1375 3262 in
1441 3218 1550 3262 suo
1616 3201 1930 3282 quaterno.
2005 3200 2088 3265 Et
2149 3201 2440 3265 similiter
2502 3202 2681 3266 ambo
2743 3201 3057 3282 faciemuS,

346 3290 507 3375 quod
559 3307 763 3353 comes
811 3289 963 3370 Pagi
1014 3288 1262 3366 scribat,
1313 3288 1408 3352 vel
1457 3287 1647 3351 faciat
1692 3289 1879 3353 scribi
1926 3288 1987 3351 in
2033 3307 2143 3352 suo
2185 3292 2479 3372 quaterno
2521 3289 2903 3355 concorditer
2947 3310 3055 3355 no-

344 3379 585 3443 biscum
636 3379 765 3441 tam
813 3376 1067 3442 mobilia
1112 3395 1297 3459 quam
1346 3376 1639 3453 imobilia,
1704 3395 1820 3458 que
1863 3377 1939 3440 ad
1991 3395 2208 3441 manus
2271 3380 2514 3442 nostras
2575 3397 2682 3461 pro
2745 3380 3052 3444 commuui

343 3466 750 3532 Venetiarum
774 3464 1163 3547 pervenerint
1192 3467 1257 3527 et
1289 3464 1660 3546 pervenient,
1708 3468 1770 3527 et
1814 3482 2196 3549 quocumque
2242 3467 2418 3530 modo
2465 3465 2541 3530 ad
2590 3471 2868 3531 nostrum
2894 3486 3060 3532 com-

342 3574 531 3621 mune
577 3554 975 3619 venetiarum
1023 3551 1412 3636 spectabunt,
1462 3554 1526 3616 et
1567 3552 1734 3616 omni
1780 3572 1989 3617 mense
2037 3572 2137 3617 ero
2184 3572 2323 3617 cum
2372 3554 2534 3619 dicto
2581 3555 2809 3619 comite
2842 3555 2920 3619 ad
2969 3556 3060 3620 vi-

339 3643 632 3720 dendum,
680 3641 735 3705 si
780 3643 1049 3706 rationes
1097 3642 1275 3704 erunt
1322 3641 1473 3705 bene
1519 3640 1847 3704 concordes
1880 3643 1943 3704 et
1975 3640 2126 3705 bene
2151 3642 2344 3717 facte;
2395 3645 2458 3706 et
2494 3643 2758 3707 scribam
2807 3644 3053 3708 domino

339 3732 485 3797 duci
532 3733 736 3794 totum
785 3729 959 3805 illud,
1008 3730 1164 3811 quod
1212 3728 1287 3793 ad
1337 3747 1555 3792 manus
1604 3747 1771 3793 meas
1796 3729 2111 3793 devenerit
2156 3735 2219 3793 et
2262 3730 2541 3796 devenire
2588 3731 2854 3809 debebit,
2891 3733 3051 3814 quod

342 3821 502 3886 scire
549 3821 765 3901 potero
811 3817 888 3881 ad
937 3836 1260 3882 commune
1306 3822 1603 3900 spectare.

558 3907 642 3971 Et
688 3924 803 3970 non
851 3924 1122 3988 possum,
1187 3924 1297 3969 nec
1344 3905 1566 3987 aliquis
1618 3905 1691 3969 de
1753 3923 1891 3970 mea
1938 3904 2206 3983 familia,
2272 3907 2469 3971 facere
2530 3907 2628 3971 vel
2675 3906 2805 3971 fieri
2854 3905 3055 3973 facere

342 3995 773 4072 mercationes,
820 4012 932 4058 nec
973 3995 1180 4058 tenere
1228 3993 1569 4070 tabernam,
1615 4012 1725 4058 nec
1750 4012 1950 4056 emere
2000 3994 2096 4057 vel
2142 3995 2263 4059 erni
2295 3993 2495 4058 facere
2520 3995 2756 4077 aliquas
2802 3996 3051 4074 salinas,

340 4082 729 4169 possesiones
777 4083 875 4146 vel
918 4082 1295 4147 territorium
1343 4081 1407 4146 in
1453 4082 1656 4147 insula
1702 4081 1855 4164 Pagi
1903 4100 2012 4163 per
2056 4084 2258 4146 totum
2290 4085 2534 4165 tempus
2566 4084 2687 4147 mei
2736 4084 3052 4166 regiminis

341 4193 451 4238 seu
496 4170 706 4247 officii,
756 4189 867 4235 nec
912 4170 1121 4253 aliqua
1157 4168 1281 4233 alia
1327 4170 1402 4233 ad
1448 4170 1764 4234 incautum
1812 4169 2013 4251 aliquo
2063 4172 2241 4235 modo
2291 4170 2384 4234 vel
2431 4171 2698 4254 ingenie.

556 4260 640 4323 Et
684 4258 737 4322 si
785 4259 928 4341 quid
976 4259 1311 4341 questionis
1350 4258 1683 4322 occurrerit
1748 4275 1852 4339 pro
1913 4259 2043 4340 ipso
2101 4258 2297 4322 officio
2343 4259 2505 4323 inter
2550 4278 2646 4323 me
2693 4261 2758 4324 et
2819 4259 3058 4326 socium

342 4369 550 4415 meum
601 4346 1031 4426 camerarium,
1080 4346 1303 4410 faciam
1369 4346 1444 4409 de
1507 4348 1641 4429 ipsa
1686 4346 2041 4429 questione,
2108 4348 2269 4410 sicut
2317 4365 2422 4428 per
2477 4348 2771 4412 maiorem
2817 4351 3058 4432 partem

341 4440 695 4504 nostrorum
744 4435 1007 4499 duorum
1051 4454 1189 4499 cum
1239 4435 1461 4500 comite
1507 4435 1699 4518 Pagi,
1766 4434 1873 4517 qui
1929 4434 2110 4499 debet
2172 4454 2304 4499 esse
2344 4435 2420 4498 ad
2468 4436 2851 4519 questionem
2891 4436 3055 4502 diffi—

342 4526 651 4603 niendam,
699 4523 888 4588 fuerit
928 4521 1350 4587 terminatum.

551 4613 803 4679 Habere
851 4611 1096 4694 quidem
1145 4612 1332 4676 debeo
1378 4629 1486 4693 pro
1533 4628 1669 4675 meo
1719 4610 1943 4675 salario
1971 4612 2222 4676 ducatos
2271 4613 2516 4677 centum
2561 4614 2626 4677 et
2673 4612 2891 4696 viginti
2923 4614 3057 4678 auri

341 4704 404 4770 in
450 4721 632 4779 anno,
676 4699 1028 4782 recipiendo
1075 4699 1470 4765 medietatem
1538 4699 1745 4764 salarii
1792 4699 1977 4782 primi
2024 4700 2166 4763 anni
2205 4700 2267 4763 in
2309 4699 2584 4764 Venetiis
2611 4751 2626 4780 ,
2674 4704 2738 4765 et
2782 4701 2872 4765 sic
2918 4719 3055 4765 suc-

337 4794 573 4859 cessive
617 4787 903 4874 quolibet
941 4787 1141 4853 medio
1187 4805 1344 4853 anno
1407 4787 1632 4853 habere
1692 4788 1757 4853 et
1816 4787 2083 4871 recipere
2145 4787 2333 4852 debeo
2394 4787 2459 4852 in
2507 4789 2674 4873 Pago
2739 4788 3055 4853 residuum
