3620 5282
3014 347 3141 411 399

406 520 719 588 Johannes
765 543 877 606 pro
922 524 1063 589 aliis
1130 544 1321 607 usque
1386 523 1847 607 suplementum
1899 524 2202 588 librarum
2249 523 2352 598 M,
2404 522 2692 587 videlicet
2762 522 2923 604 quod
2992 523 3166 606 ipsi,
3289 518 3294 521 ’

403 611 903 695 quandocumque
950 611 1233 677 dominus
1280 612 1402 676 dux
1450 611 1543 677 vel
1596 613 1726 676 eius
1795 612 2047 675 nuntius
2114 610 2202 674 eis
2256 610 2353 676 vel
2416 610 2524 674 uni
2589 628 2798 675 eorum
2863 611 3141 692 requiret

406 699 506 764 vel
550 699 740 765 faciet
786 700 1037 783 requiri,
1089 699 1233 764 hinc
1288 700 1365 764 ad
1413 718 1463 763 s,
1514 698 1886 764 Michaelem
1953 697 2223 780 proxime
2271 697 2507 763 dictum
2555 698 2783 762 Desam
2830 697 2951 762 sibi
3001 698 3137 763 dari

408 789 471 851 et
517 789 882 869 presentari,
932 789 1088 870 quod
1136 788 1296 851 inira
1343 787 1604 851 tercium
1650 786 1817 850 diem
1865 790 2005 869 post
2053 786 2256 869 ipsam
2307 784 2776 868 requisitionem
2822 804 2963 849 eum
3014 786 3134 850 sibi

406 877 944 958 representabunt,
994 878 1059 940 et
1104 876 1388 957 quambis
1436 875 1525 939 eis
1566 874 1660 938 vel
1721 874 1828 939 uni
1892 868 2168 956 ips'orum
2231 893 2351 938 non
2397 873 2672 956 requiret
2736 891 2848 938 nec
2909 873 3138 955 requiri

412 960 646 1028 faceret
685 964 752 1028 in
797 963 897 1027 die
945 963 1347 1046 suprascripti
1396 962 1648 1027 termini
1698 961 1792 1026 vel
1839 966 2038 1038 antea,
2085 962 2200 1026 sub
2248 961 2462 1026 eadem
2512 980 2668 1044 pena
2708 962 3162 1043 suprascripta·

410 1050 619 1132 ipsum
668 1052 959 1117 tenentur
1003 1051 1253 1116 domino
1300 1050 1440 1115 duci
1489 1049 1865 1132 presentari3
1915 1051 2147 1113 testes:
2196 1048 2545 1131 Stephanus
2572 1048 2796 1114 Betani
2844 1052 2908 1112 et
2943 1069 2990 1113 S.
3022 1049 3142 1113 Ba·

406 1137 589 1204 doaro
634 1137 991 1204 consiliarii.
1043 1138 1263 1203 Dictus
1326 1136 1684 1203 Leonardus
1726 1137 1781 1202 V
1828 1136 1928 1201 die
1994 1138 2262 1202 intrante
2324 1136 2728 1219 septembris,
2799 1136 3135 1202 indictione

408 1226 609 1308 prima
655 1226 1044 1310 consignavit
1090 1227 1297 1310 ipsum
1346 1227 1571 1289 Desam
1620 1243 1827 1289 coram
1875 1223 2123 1289 domino
2168 1227 2319 1289 duce
2350 1225 2600 1307 eiusque
2632 1225 2907 1302 consilio,
2947 1243 3135 1306 quare

407 1313 485 1379 de
530 1314 667 1396 ipsa
715 1314 988 1397 plegeria
1032 1314 1310 1379 deiectus
1363 1316 1477 1391 est,
1532 1313 1594 1376 in
1643 1313 1900 1395 palaciO.

503 1404 693 1465 Liber
729 1406 1062 1480 pleyiorum
1103 1406 1206 1464 list
1254 1407 1353 1473 74,
1401 1406 1486 1463 br.
1533 1406 1679 1464 483.
1727 1423 1770 1462 ιι
1813 1404 1966 1463 mlet.
2015 1404 2247 1463 arkivu.

753 1594 1070 1676 XXIV.
1145 1593 1352 1676 God.
1408 1592 1618 1675 1227.
1673 1595 1729 1674 4
1784 1591 2239 1694 lismpada,
2296 1614 2354 1673 u
2410 1592 2801 1675 Mletcih.

414 1717 555 1780 Dva
599 1719 909 1780 Mletcana
957 1719 1155 1794 jamce
1199 1736 1274 1779 za
1316 1720 1567 1794 m‘ekoqa
1621 1718 1995 1787 Zadranina,
2042 1718 2122 1776 da
2167 1718 2228 1777 (56
2266 1737 2348 1794 qa
2393 1737 2433 1776 u
2479 1719 2869 1793 opredieljeno
2927 1721 3143 1781 vvieme

1032 1808 1101 1868 ili
1142 1807 1263 1866 kad
1297 1809 1415 1881 jim
1461 1811 1516 1866 to
1561 1804 1844 1866 naloieno
1890 1807 2038 1866 bude
2083 1806 2249 1867 vladi
2287 1807 2540 1879 predati.

633 1925 813 1992 Anno
872 1928 1106 1993 domini
1164 1926 1500 1992 millesimo
1564 1926 1985 1991 ducentesimo
2045 1925 2345 2010 vigesimo
2411 1927 2711 2011 septimo,
2753 1927 2852 1992 die
2913 1928 3000 1993 IV
3047 1928 3141 1993 in-

409 2016 616 2079 trante
662 2015 975 2094 octubris,
1022 2015 1352 2080 indictione
1398 2016 1619 2097 prima,
1665 2013 2073 2079 existentibus
2138 2014 2504 2079 consiliariis
2549 2015 2784 2080 domini
2828 2014 3002 2080 ducis
3048 2017 3138 2081 M.

406 2100 682 2168 Storlato
709 2151 726 2181 ,
793 2102 1050 2168 Andrea
1095 2103 1448 2179 Mariliono‚
1514 2103 1591 2166 D.
1641 2103 1903 2181 Dalfino,
1977 2102 2039 2168 S.
2087 2101 2462 2182 Justiniano,
2524 2103 2585 2169 J.
2635 2102 3028 2181 Maurocen0‚
3076 2102 3138 2168 J.

409 2190 747 2256 Badovaro.
810 2191 929 2256 Die
978 2192 1396 2274 suprascripto
1439 2189 1710 2256 Jacobus
1758 2190 2007 2253 Malaza
2071 2190 2146 2254 de
2194 2190 2455 2255 confinio
2520 2192 2733 2256 sancte
2780 2191 2977 2256 Marie
3025 2189 3142 2256 Ju-

406 2277 609 2343 banici
653 2282 717 2342 et
772 2278 1058 2344 Marinus
1114 2277 1386 2343 Michael
1449 2279 1522 2342 de
1583 2277 1844 2342 confinio
1889 2296 1938 2341 s.
1990 2276 2209 2359 Sophie
2274 2280 2587 2343 steterunt
2649 2279 2841 2362 plegii
2888 2280 3134 2344 domino

407 2365 549 2430 duci
604 2365 681 2429 ad
725 2368 970 2450 partem
1019 2365 1364 2432 communis
1420 2365 1832 2430 Veneciarum
1894 2365 2215 2447 recipienti
2280 2384 2390 2449 pro
2442 2366 2605 2431 Desa
2664 2367 2740 2432 de
2791 2367 3017 2450 Picega
3063 2367 3138 2431 de

405 2451 622 2532 Jadra,
671 2454 776 2537 qui
825 2456 1146 2537 suspectus
1199 2453 1545 2519 habebatur
1591 2453 1668 2517 (16
1714 2455 1912 2517 morte
1936 2451 2247 2535 quondam
2293 2452 2350 2518 J.
2381 2454 2584 2537 Regni
2615 2454 2691 2519 (16
2727 2453 2940 2533 sadra,
2975 2454 3139 2537 quod

408 2541 615 2624 ipsum
663 2542 898 2607 fecerat
944 2542 1226 2619 interfici,
1297 2545 1367 2606 ut
1410 2541 1766 2617 dicebatur,
1835 2541 1950 2605 sub
2016 2559 2173 2624 pena
2228 2541 2526 2607 librarum
2576 2543 2630 2607 D
2696 2562 2806 2626 pro
2870 2561 3138 2624 unoquo·
3237 2609 3243 2615 ,

409 2647 526 2712 que
573 2628 873 2713 ipsorum,
923 2629 1213 2696 videlicet
1257 2629 1420 2712 quod
1461 2628 1605 2694 hinc
1634 2630 1709 2694 ad
1753 2628 1985 2694 festum
2037 2628 2267 2694 natalis
2298 2629 2580 2712 proximi,
2629 2631 3137 2714 quandocumque

412 2716 696 2783 dominus
752 2718 875 2783 dux
921 2719 1200 2801 requiret
1245 2718 1334 2783 eis
1379 2717 1479 2783 vel
1518 2719 1629 2781 uni
1676 2735 1908 2793 eorum,
1971 2718 2172 2797 ipsum
2236 2718 2467 2782 Desam
2526 2736 2734 2783 coram
2797 2737 2867 2784 eo
2930 2738 3139 2801 repre-

415 2805 675 2882 sentari,
731 2807 829 2870 vel
876 2805 1093 2870 fecerit
1139 2805 1227 2870 eis
1275 2809 1382 2870 aut
1428 2805 1532 2870 uni
1581 2803 1852 2887 ipsorum
1900 2804 2147 2886 requiri,
2196 2807 2352 2887 quod
2391 2806 2596 2888 ipsum
2638 2825 2846 2871 coram
2893 2806 3139 2872 domino

420 2892 574 2957 duce
617 2893 853 2958 sacient
897 2893 1344 2976 representari,
1393 2895 1457 2958 et
1501 2892 1786 2975 quamvis
1846 2910 1966 2956 non
2029 2911 2169 2955 eum
2231 2892 2572 2974 requireret
2625 2893 2722 2959 vel
2768 2894 2994 2977 requiri
3043 2894 3137 2958 fa-

424 2982 591 3045 ceret
637 2980 800 3045 infra
846 2981 1050 3063 ipsum
1095 2981 1457 3059 terminum,
1503 2986 1711 3045 tamen
1756 2979 1872 3044 sub
1933 2979 2148 3043 eadem
2211 2998 2367 3062 pena
2427 2983 2714 3046 tenentur
2780 2982 2843 3046 in
2889 2982 2989 3046 die
3034 3001 3139 3047 su-

423 3068 758 3150 prascripti
805 3068 951 3134 festi
997 3071 1107 3133 aut
1172 3069 1231 3132 iu
1281 3068 1497 3150 vigilia
1560 3067 1788 3132 natalis
1850 3067 2211 3146 consignare
2276 3067 2516 3148 ipsum3
2582 3071 2811 3134 testes:
2856 3070 3137 3136 Andreas

422 3152 812 3235 Mariliouus,
864 3157 940 3221 D.
989 3156 1292 3233 DalfinuS,
1340 3156 1402 3221 J.
1452 3156 1859 3221 Maureeenus
1904 3157 1969 3219 et
2016 3155 2077 3220 S.
2126 3152 2538 3221 Justinianus.

498 3245 685 3306 Liber
727 3247 1055 3323 pleyiorum
1098 3248 1200 3306 list
1248 3248 1348 3315 75,
1380 3247 1466 3306 br.
1503 3249 1648 3316 490,
1694 3265 1737 3305 u
1781 3246 2000 3305 arkivu
2032 3246 2391 3306 mletackom.

827 3435 1098 3517 XXV.
1181 3434 1388 3519 God.
1444 3434 1656 3517 1227.
1706 3435 2163 3536 listopada,
2218 3457 2277 3517 ιι
2325 3435 2715 3519 Mletclh.

919 3555 1152 3643 (Ovako
1186 3561 1427 3635 poffima
1470 3562 1775 3634 spomenik
1824 3565 1927 3623 69.
1971 3562 2210 3623 Listine
2254 3563 2308 3623 Ι.
2354 3567 2460 3623 scr.
2496 3560 2625 3647 44.)

624 3682 804 3746 Anno
845 3681 1077 3747 domini
1139 3683 1474 3747 millesimo
1535 3682 1954 3748 ducentesimo
2019 3683 2319 3767 vigesimo
2367 3685 2506 3761 VII,
2556 3703 2766 3752 mense
2831 3686 3129 3763 octubris,

421 3767 759 3835 indictione
802 3769 1023 3852 prima,
1072 3772 1348 3853 tempore
1395 3789 1513 3852 quo
1556 3771 1735 3835 erant
1797 3771 2135 3836 consiliarii
2188 3771 2421 3836 domini
2477 3773 2650 3838 ducis
2697 3773 2785 3837 M.
2837 3773 3128 3852 Storlato,

409 3855 696 3922 Andreas
740 3857 1149 3940 Mariglonus‚
1198 3857 1561 3923 Dominicus
1607 3857 1912 3938 Dalfinus,
1959 3858 2021 3924 S.
2063 3859 2479 3939 Justinianus‚
2518 3860 2580 3925 J.
2628 3861 3037 3928 Maurocenus
3070 3865 3135 3927 et

408 3942 471 4009 J.
519 3944 864 4011 Badovaro.
907 3946 1417 4012 Recordationem
1457 3947 1575 4012 etc.

778 4137 1100 4219 XXVI.
1180 4137 1388 4220 God.
1445 4137 1666 4221 1228.
1720 4141 1776 4220 4
1830 4139 2172 4241 onujka,
2227 4162 2285 4221 u
2339 4139 2731 4223 Mletclh.

896 4263 1279 4339 Zabrameno
1321 4265 1535 4339 pzovm
1579 4266 1738 4340 aava
1781 4267 1859 4327 oa
1902 4266 2294 4328 Dubrovnika
2339 4269 2363 4326 ι·
2414 4268 2656 4329 Tronm.

615 4382 731 4449 Die
777 4384 870 4448 IX
916 4385 1190 4451 intrante
1238 4385 1479 4463 marcii,
1531 4385 1874 4452 indictione
1936 4388 2169 4469 prima,
2239 4389 2587 4454 ordinatum
2635 4393 2733 4455 est
2781 4408 2890 4473 per
2935 4391 3131 4457 domi-

396 4489 547 4536 num
594 4473 813 4539 ducem
854 4474 918 4537 et
965 4472 1099 4537 eius
1144 4472 1473 4538 consilium
1524 4474 1723 4539 maius
1782 4477 1846 4539 et
1888 4476 2114 4552 minus,
2164 4476 2228 4540 et
2273 4475 2604 4542 stridatum
2652 4498 2760 4561 per
2785 4477 3133 4545 Johannem

395 4558 695 4624 Gressum
744 4561 808 4624 in
856 4560 1142 4625 Rivoalto
1184 4580 1370 4642 super
1416 4561 1638 4638 scalaS,
1679 4564 1865 4644 atque
1921 4562 2139 4627 datum
2187 4583 2296 4645 per
2357 4564 2638 4629 ordinem
2686 4567 2971 4631 omuibus
3019 4569 3132 4632 ho-

395 4646 672 4712 minibus
721 4647 1131 4713 Veneciarum
1178 4667 1216 4712 a
1262 4647 1470 4713 Grado
1517 4667 1710 4732 usque
1753 4647 1960 4733 Caput
2007 4651 2250 4732 ageris,
2302 4652 2465 4732 quod
2523 4652 2733 4717 nullus
2778 4655 2962 4719 homo
3010 4655 3133 4717 Ve-

397 4734 707 4800 neciarum
758 4735 909 4800 hinc
956 4736 1032 4800 ad
1074 4736 1358 4802 octavam
1407 4753 1589 4817 pasce
1627 4737 2058 4803 resurectionis
2099 4738 2323 4803 audeat
2366 4739 2527 4803 exire
2573 4740 2650 4805 (16
2676 4740 2961 4805 Veneciis
2985 4759 3126 4804 cum
