3620 5282
2855 328 2997 403 ,475

284 521 458 593 ,omni
495 522 631 589 loco
679 522 742 597 et
785 470 1009 609 officio,
1056 520 1427 605 respondeat
1470 521 1633 588 infra
1662 521 1919 590 tertiam
1952 523 2140 601 diem,
2174 526 2238 589 et
2272 520 2495 590 debeat
2527 518 2749 589 ducere
2781 538 2991 586 secum

299 614 564 698 quinque
608 610 877 676 famulos
925 612 989 676 et
1034 610 1160 676 tres
1208 610 1504 693 ragatios,
1553 612 1618 677 et
1661 631 1873 691 unum,
1922 612 2028 696 qui
2076 612 2161 677 sit
2207 612 2594 678 turcimanus
2667 612 2731 675 et
2775 629 2996 693 expen-

302 702 487 779 ditor,
534 718 725 765 unum
772 698 1031 765 cochum
1078 702 1142 764 et
1183 717 1373 763 unum
1419 700 1733 765 notarium
1779 720 1918 765 cum
1967 718 2080 766 suo
2124 701 2387 779 famulo,
2435 699 2734 784 possendo
2782 718 2998 782 expen—

303 789 447 854 dere
491 787 763 873 quolibet
808 788 905 852 die
951 789 1025 853 de
1072 787 1328 870 pecunia
1372 788 1570 853 nostri
1616 790 1964 854 communis
2008 790 2258 855 ducatos
2303 789 2568 874 quinque
2615 789 2679 851 iu
2713 788 3000 853 omnibus

299 877 579 960 expensis
626 875 1086 961 quomodolibet
1127 876 1576 957 ocurrentibus,
1627 896 1745 942 non
1812 876 2215 961 intelligendo
2261 879 2323 943 in
2371 877 2486 942 hoc
2546 876 2764 960 agocia
2820 882 3034 959 equo-³

294 985 432 1051 rum
512 983 622 1030 nec
674 963 903 1029 nabula
952 962 1361 1048 navigiorum.
1407 963 1635 1031 Dictus
1681 983 1824 1030 vero
1869 965 2260 1031 ambariator
2304 985 2413 1049 pro
2470 984 2581 1030 suo
2626 964 2838 1028 labore
2887 962 3001 1028 ha-

300 1055 445 1119 bere
493 1053 711 1119 debeat
757 1070 865 1135 pro
911 1055 1040 1117 toto
1114 1054 1234 1118 isto
1308 1052 1512 1136 viagio
1587 1055 1839 1119 ducatos
1888 1053 2182 1119 ducentos
2225 1072 2368 1119 cum
2418 1052 2785 1132 conditione,
2836 1051 2998 1135 quod

292 1143 578 1208 teneatur
623 1141 827 1206 facere
872 1140 990 1206 sibi
1042 1144 1198 1207 duas
1244 1143 1447 1206 vestes
1490 1142 1755 1224 pulcras,
1806 1143 2032 1208 valoris
2079 1141 2155 1206 ad
2189 1141 2393 1208 minus
2426 1142 2788 1206 ducatorum
2827 1139 3000 1205 CXX

293 1233 459 1296 inter
504 1228 740 1295 ambas.
788 1228 913 1296 Sed
959 1231 1102 1313 quia
1146 1246 1268 1295 non
1315 1234 1479 1295 esset
1523 1230 1777 1309 iustum,
1829 1229 1989 1314 quod
2038 1247 2358 1295 commune
2405 1232 2694 1294 nostrum
2741 1229 3005 1294 haberet
3059 1284 3062 1285 γ

297 1337 450 1384 onus
518 1317 829 1383 dictarum
899 1336 1302 1401 expensarum
1371 1321 1434 1384 et
1506 1322 1878 1385 mercatores
1927 1317 2287 1395 utilitatem,
2333 1317 2668 1396 ordinetur,
2718 1318 2882 1401 quod
2930 1319 3001 1382 de

294 1410 498 1472 cetero
544 1405 620 1470 de
664 1406 953 1471 omnibus
998 1406 1355 1471 mercantiis
1403 1407 1465 1472 et
1511 1408 1716 1482 rebuS,
1767 1426 1886 1492 que
1933 1407 2351 1473 conducentur
2421 1405 2801 1488 Dulcignum
2850 1406 2913 1470 et
2970 1425 3005 1471 a

302 1495 611 1577 Dulcigno
658 1494 940 1578 superius
986 1513 1203 1560 versus
1250 1493 1391 1559 illas
1438 1499 1665 1578 parteS,
1714 1496 1936 1561 debeat
1980 1496 2139 1562 solvi
2206 1514 2327 1561 una
2396 1513 2536 1561 cum
2586 1493 2843 1559 dimidia
2889 1513 3005 1576 pro

296 1582 344 1651 O
389 1584 615 1650 valoris
662 1584 966 1649 dictarum
1012 1583 1463 1649 mercationum
1510 1586 1575 1649 et
1618 1604 1844 1663 rerum,
1915 1603 2031 1668 que
2100 1601 2222 1649 una
2290 1585 2354 1649 et
2414 1581 2672 1647 dimidia
2713 1583 3003 1665 exigatur

296 1692 407 1756 per
452 1673 700 1736 nostros
748 1670 1163 1738 vicedominos
1210 1671 1422 1735 tabule
1468 1671 1676 1738 maris.
1736 1673 1820 1738 Et
1888 1674 1941 1737 si
2012 1671 2240 1756 aliquis
2291 1669 2723 1738 contrafecerit
2768 1670 2827 1734 in
2882 1688 3003 1735 non

297 1761 586 1827 solvendo
633 1758 730 1825 vel
777 1758 1186 1824 defraudando
1255 1759 1497 1825 datium
1568 1760 1931 1843 predictum,
2001 1760 2182 1826 cadat
2250 1761 2325 1825 de
2383 1758 2562 1827 XXV
2616 1776 2721 1840 pro
2769 1756 2836 1837 C,
2886 1777 3000 1841 que

296 1840 454 1932 pena
500 1848 815 1914 subiaceat
857 1847 1191 1912 fractorem
1237 1853 1299 1913 et
1345 1848 1662 1915 ordinibus
1698 1849 2277 1926 contrabannorum,
2314 1848 2378 1913 et
2407 1848 2589 1913 duret
2627 1846 2795 1912 dicta
2828 1866 3004 1913 exac-

182 1970 187 1981 ·
298 1938 407 2015 tio,
456 1936 647 2001 donec
690 1954 1016 2002 commune
1063 1937 1342 2002 nostrum
1384 1937 1503 2002 erit
1547 1937 1945 2003 satisfactum
1989 1937 2064 2002 de
2111 1937 2383 2021 pecunia,
2418 1955 2601 2021 quam
2645 1934 3004 2018 expenderit

294 2025 718 2093 occasionibus
765 2024 1219 2107 suprascriptis.

500 2112 734 2195 Capta·
782 2117 970 2196 caput
1015 2115 1088 2178 de
1136 2112 1248 2179 XL
1294 2131 1394 2179 ser
1438 2113 1746 2179 Antonius
1791 2134 1829 2178 a
1873 2114 2162 2179 Bocholis
2208 2115 2270 2175 et
2300 2132 2398 2176 ser
2441 2068 2822 2177 Rambertus
2853 2109 3003 2191 Qui-

287 2200 425 2271 rino
471 2202 714 2286 sapiens
761 2202 1003 2267 consilii
1046 2202 1281 2277 volunt,
1329 2201 1487 2285 quod
1537 2203 1828 2268 mittatur
1858 2221 2016 2267 unus
2050 2201 2359 2267 sufficiens
2395 2201 2652 2265 nuntius
2684 2220 2791 2283 per
2826 2200 3004 2271 illum

288 2291 570 2367 modum,
618 2291 723 2374 qui
769 2279 1082 2355 videbitur
1128 2290 1409 2372 collegio,
1459 2291 1633 2356 cuius
1713 2290 2069 2357 commissio
2137 2289 2251 2355 fiat
2319 2289 2382 2353 in
2426 2289 2542 2354 hoc
2600 2288 2892 2364 consili03
2939 2290 3003 2353 et

284 2379 396 2444 ubi
441 2378 688 2455 dicitur,
736 2378 897 2462 quod
947 2380 1352 2444 mercationes
1399 2379 1643 2446 solvant
1710 2398 1897 2445 unam
1965 2383 2028 2444 et
2074 2378 2342 2444 mediam
2389 2396 2499 2460 pro
2548 2375 2615 2454 C,
2666 2379 2825 2459 quod
2877 2376 3001 2442 sol-

288 2469 440 2534 vant
481 2466 893 2532 sollummodo
939 2484 1145 2542 unam,
1191 2467 1384 2534 donec
1429 2470 1550 2534 erit
1596 2467 1986 2535 satisfactum
2022 2467 2337 2533 communi
2384 2468 2458 2532 de
2491 2466 2774 2550 pecunia,
2809 2484 2999 2549 quam

254 2556 650 2644 ·cxpenderit
697 2555 863 2621 dicta
910 2555 986 2621 de
1035 2573 1242 2621 causa.

372 2664 553 2725 mista·
599 2663 839 2728 XLVI.
892 2666 992 2736 68,
1039 2683 1080 2725 u
1124 2665 1277 2726 mlet.
1322 2666 1557 2730 arkivu.

519 2907 1106 2993 DOXXXVII.
1165 2909 1369 2994 God.
1422 2910 1653 2996 1403.
1704 2912 1809 2997 26
1865 2911 2202 3015 ozujka,
2256 2934 2314 2994 u
2365 2910 2754 2994 Mleteih.

297 3053 612 3132 Odqovara
651 3070 713 3115 se
754 3054 1076 3129 poclam'ku
1121 3056 1457 3129 aqam-hro.
1503 3057 1721 3130 lov-alja,
1768 3059 1850 3117 da
1892 3075 1993 3117 mu
2037 3074 2099 3117 se
2142 3074 2215 3118 za
2258 3057 2414 3116 sada
2454 3055 2619 3131 qlcde
2666 3054 2871 3114 danka
2900 3070 3005 3114 nc-

959 3142 1118 3204 moie
1166 3144 1417 3218 odyovor
1452 3162 1534 3218 po
1578 3147 1829 3222 njeyovu
1872 3148 2146 3221 zahtjevu
2191 3146 2338 3205 dati.

510 3280 698 3348 1403.
744 3283 844 3349 die
888 3283 1099 3349 XXVI
1145 3283 1382 3364 marcii,
1454 3286 1785 3351 indictione
1855 3284 1966 3349 XI.
2036 3282 2151 3350 Ser
2217 3283 2567 3350 Ludovicus
2637 3280 2998 3347 Lauredano

289 3376 667 3457 procurator,
716 3392 815 3438 ser
860 3371 1232 3438 Benedictus
1302 3372 1676 3456 Superancio
1747 3375 2127 3455 procurator,
2195 3392 2293 3437 ser
2339 3372 2617 3437 Albanus
2664 3372 3003 3448 Baduario,

288 3480 392 3528 ser
436 3459 814 3526 Rambertus
861 3459 1139 3540 Quirino,
1183 3462 1493 3544 sapientes
1537 3463 1812 3538 consilii;
1882 3463 2191 3541 sapientes
2258 3461 2540 3525 ordinum
2606 3463 2858 3541 excepto
2908 3479 3007 3523 ser

284 3548 555 3632 Georgio
603 3547 880 3628 Quirino.
929 3546 1152 3631 Capta:
1201 3550 1343 3632 quia
1389 3551 1823 3616 serenissimus
1871 3549 2153 3614 dominus
2202 3569 2306 3614 rex
2353 3549 2680 3630 Hungarie
2717 3566 2825 3629 per
2861 3565 3005 3611 suas

282 3638 530 3703 litteras
575 3637 755 3702 datas
805 3637 870 3702 in
917 3635 1063 3702 luna
1096 3637 1278 3703 XXV
1310 3636 1583 3704 februari
1617 3641 1679 3703 et
1719 3640 2102 3720 presentatas
2135 3657 2245 3720 per
2277 3638 2456 3702 illum
2490 3636 3006 3701 Bartholomeum

285 3725 567 3803 Guidoti‚
616 3727 722 3810 qui
770 3725 928 3791 alias
977 3744 1086 3790 suo
1133 3725 1380 3790 nomine
1427 3727 1751 3811 requisivit
1802 3746 1841 3791 a
1884 3726 2062 3791 nobis
2113 3728 2434 3810 pecuniam
2507 3727 2749 3807 septem
2799 3724 3003 3788 millia

285 3816 653 3880 ducatorum
701 3815 1133 3880 contentorum
1181 3814 1244 3878 in
1293 3813 1492 3880 forma
1536 3817 1705 3899 pacis
1753 3834 1863 3898 pro
1902 3820 2174 3895 tempore
2224 3813 2545 3897 preterito,
2616 3814 2681 3878 et
2743 3812 3005 3893 requirit

287 3906 361 3969 de
409 3921 561 3968 novo
608 3921 739 3982 nos,
791 3903 951 3985 quod
1000 3902 1263 3968 velimus
1315 3903 1518 3968 eidem
1564 3903 2004 3969 Bartholomeo
2039 3904 2268 3968 dictam
2300 3902 2624 3986 pecuniam
2659 3901 3003 3983 assignare,

286 4009 431 4057 nam
479 3992 531 4057 si
586 4011 703 4057 non
751 3991 1216 4075 assignaremus
1266 3991 1546 4056 eamdem
1594 3992 1731 4068 sibi,
1781 3991 1983 4057 multa
2025 3991 2246 4055 damna
2293 3992 2411 4056 sibi
2480 3995 2879 4072 sequerentur
2926 4007 3002 4052 ex

288 4081 445 4156 hoc3
489 4081 555 4144 in
603 4079 994 4146 conclusione
1038 4082 1253 4162 petens
1305 4079 1427 4144 sibi
1472 4080 1827 4160 responderi
1878 4100 1984 4162 per
2029 4099 2159 4158 nos,
2209 4079 2498 4163 quicquid
2549 4082 2645 4142 est
2678 4078 2752 4141 de
2790 4081 3004 4140 nostra

290 4167 630 4234 intentione
677 4168 1040 4249 superinde3
1091 4169 1155 4232 et
1201 4167 1612 4233 consideratis
1658 4169 1961 4243 omnibuS,
2009 4187 2129 4232 non
2174 4167 2363 4232 faciat
2409 4186 2513 4249 pro
2564 4167 2773 4230 nostro
2808 4165 3006 4229 domi-

287 4258 408 4330 nio,
456 4257 613 4339 quod
665 4276 850 4340 super
895 4256 1010 4321 hoc
1056 4257 1353 4337 appareat
1399 4258 1608 4322 nostra
1654 4257 1970 4340 responsio
2019 4256 2081 4319 in
2129 4256 2398 4330 scriptis,
2464 4253 2570 4319 sed
2619 4256 2775 4337 quod
2822 4272 3006 4336 expe-

291 4346 534 4410 diamus
582 4363 690 4410 nos
736 4357 772 4410 a
821 4345 992 4410 dicto
1040 4342 1481 4410 Bartholameo
1529 4363 1669 4409 cum
1743 4345 2134 4426 responsione
2202 4343 2355 4407 alias
2404 4343 2504 4407 hic
2550 4342 2893 4406 deliberata
2938 4342 3002 4406 et
3099 4343 3106 4356 ‘

292 4441 495 4516 capta,
541 4451 613 4497 ac
652 4434 770 4499 sibi
820 4434 1021 4508 facta;
1071 4433 1242 4496 vadit
1288 4451 1454 4513 pars,
1502 4434 1663 4516 quod
1710 4434 2004 4498 mittatur
2050 4449 2156 4513 pro
2203 4432 2640 4496 Bartholomeo
2704 4429 3003 4511 predict0,

292 4526 356 4586 et
396 4521 638 4586 dicatur
686 4522 803 4586 sibi
853 4540 964 4604 per
1010 4520 1378 4596 dominium,
1426 4522 1585 4604 quod
1636 4540 1743 4586 nos
1793 4520 1967 4602 plene
2014 4519 2432 4585 intelleximus
2484 4518 2613 4595 illa,
2662 4537 2778 4600 que
2825 4518 3002 4582 nobis

290 4609 534 4675 noviter
578 4610 835 4693 scripsit
874 4608 1160 4674 dominus
1209 4627 1359 4673 suus
1404 4609 1688 4675 dominus
1738 4627 1846 4673 rex
1892 4627 2074 4690 super
2120 4608 2501 4689 expeditione
2550 4625 2661 4669 sua
2727 4606 2790 4669 in
2838 4604 3002 4669 facto

286 4696 731 4779 assignationis
780 4697 1055 4780 pecunie,
1103 4715 1286 4781 quam
1336 4715 1372 4760 a
1419 4699 1593 4762 nobis
1629 4716 1737 4763 suo
1785 4697 2031 4761 nomine
2100 4696 2255 4759 alias
2326 4694 2670 4777 requisivit,
2728 4699 2792 4758 et
2832 4693 2995 4777 quod

283 4787 536 4871 propter
577 4786 821 4869 aliquas
870 4787 1064 4851 iustas
1111 4788 1174 4850 et
1218 4785 1622 4852 rationabiles
1672 4802 1891 4855 causas
1937 4801 2055 4851 non
2101 4784 2383 4849 videmus
2429 4800 2611 4868 posse
2642 4781 2841 4848 facere
2876 4781 2998 4847 sibi

1582 4907 1615 4941 θ
