3620 5282
3006 403 3126 469 171

416 578 654 646 attendi
700 579 764 646 et
805 578 1116 646 observari
1163 581 1364 647 facere
1401 580 1630 665 absque
1672 581 2026 665 exceptione
2068 580 2164 647 vel
2208 581 2345 646 dolo
2392 581 2456 646 in
2506 598 2661 664 pena
2704 583 2768 646 et
2811 579 2927 647 sub
2973 598 3130 664 pena

416 670 704 734 contenta
750 670 811 733 in
858 669 1282 735 contractibus
1328 669 1498 752 pacis
1545 670 1823 754 predicte
1865 671 1930 734 et
1975 669 2090 735 sub
2123 669 2502 754 obligatione
2536 671 2828 735 bonorum
2860 669 3132 734 omnium

418 756 763 822 communis
803 757 1235 835 Veneciarum,
1281 758 1710 823 renunciantes
1758 776 1943 841 super
1987 758 2269 823 omnibus
2317 760 2382 823 et
2424 758 2687 841 singulis
2750 757 3135 840 suprascrip-

415 844 499 910 tis
539 845 899 928 exceptioni,
942 846 1089 924 doli,
1138 846 1288 912 mali
1335 848 1402 912 et
1445 847 1509 912 in
1556 847 1787 913 factum
1838 846 2174 911 conditioni
2202 847 2355 911 ·sine
2402 865 2587 912 causa
2631 846 2729 912 vel
2776 865 2847 911 ex
2904 846 3134 910 iniusta

415 952 620 1011 causa,
668 933 783 998 fori
830 934 1154 1019 privilegio
1201 937 1263 1000 et
1306 935 1591 1000 omnibus
1636 934 1871 1000 iuribus
1919 933 2175 1001 cuilibet
2243 934 2570 1014 000001010,
2639 932 3133 1017 municipalibus,

416 1022 640 1104 quibus
686 1024 936 1105 possent
995 1025 1210 1088 contra
1271 1023 1546 1105 predicta
1609 1022 1706 1088 101
1765 1023 2002 1105 aliquid
2072 1023 2486 1104 predictorum
2549 1021 3003 1106 quomodolibet
3069 1040 3136 1087 se

415 1110 594 1174 tueri.
644 1108 735 1174 De
782 1111 1078 1194 predictis
1122 1113 1334 1176 autem
1379 1111 1664 1177 omnibus
1710 1113 1774 1176 et
1819 1111 2083 1195 singulis
2128 1112 2332 1194 rogati
2376 1110 2623 1177 fuerunt
2669 1111 2888 1176 notarii
2947 1109 3135 1174 infra·

419 1197 641 1281 scripti
689 1200 986 1265 conficere
1025 1218 1214 1264 unum
1259 1204 1323 1265 et
1365 1199 1545 1284 plura
1591 1199 1865 1265 eiusdem
1928 1198 2157 1264 tenoris
2203 1203 2265 1263 et
2311 1200 2707 1265 consonantie
2754 1198 2998 1281 publica
3040 1199 3136 1262 in-

425 1287 792 1366 strumenta,
840 1287 1129 1353 videlicet
1180 1288 1416 1371 providi
1476 1287 1592 1353 viri
1640 1286 1989 1371 Stephanus
2044 1286 2510 1353 archidiaconus
2573 1285 2995 1353 Camercensis
3058 1285 3134 1352 de

415 1372 674 1439 ecclesia
719 1376 1138 1458 Zagrabiensi,
1185 1375 1516 1460 Gregorius
1563 1377 1890 1442 canonicus
1933 1375 2188 1440 ecclesie
2233 1375 2431 1441 sancti
2477 1375 2736 1459 spiritus
2781 1374 3134 1440 Tasinensis

416 1460 740 1544 collegiate
786 1463 1214 1548 Zagrabiensis
1260 1463 1539 1542 diocesis,
1593 1461 1898 1548 imperiali
1948 1463 2318 1529 auctoritate
2365 1462 2607 1529 notarii.
2677 1463 2760 1528 Et
2800 1481 2913 1547 ego
2958 1460 3138 1528 Guil-

417 1551 737 1616 lielminus
784 1552 859 1616 de
907 1551 1234 1632 Vinceciis,
1284 1551 1592 1635 imperiali
1639 1552 2010 1618 auctoritate
2056 1552 2334 1617 notarius
2395 1552 2460 1617 et
2517 1552 2778 1617 ducatus
2838 1549 3136 1616 Venecia-

416 1658 554 1704 rum
601 1640 825 1705 scriba.

624 1726 857 1793 Actum
903 1727 1184 1794 Veneciis
1231 1728 1294 1794 in
1336 1729 1540 1793 ducali
1585 1729 1843 1811 palacio,
1907 1729 2293 1812 presentibus
2354 1728 2599 1794 domino
2656 1725 2960 1793 Michaele
3009 1723 3134 1791 Mi-

415 1813 591 1879 chael
639 1816 841 1881 milite
882 1818 955 1881 de
1002 1814 1260 1893 Charna,
1307 1816 1554 1883 domino
1598 1815 1852 1883 Nicolao
1897 1835 2189 1901 germano
2234 1816 2541 1899 quondam
2610 1814 2844 1881 domini
2891 1814 3138 1880 Nicolai

417 1902 688 1986 episcopi
734 1904 1014 1988 Quinque
1060 1905 1468 1982 ecclesiensis,
1523 1904 1770 1970 domino
1817 1904 2046 1971 Jacobo
2090 1905 2166 1970 de
2210 1904 2404 1971 Jadra
2460 1905 2672 1989 legum
2735 1905 2997 1981 doctore,
3063 1921 3137 1968 ac

415 1991 610 2056 nobili
658 1994 723 2057 et
767 1993 1213 2077 circumspecto
1259 1993 1389 2059 viro
1434 1994 1679 2058 domino
1709 1993 2049 2077 Raphayno
2092 1995 2165 2058 de
2197 1992 2505 2060 Caresinis
2551 1992 2918 2058 cancellario
2968 2010 3124 2057 com·

417 2081 620 2146 munis
671 2080 1096 2161 veneciarum,
1143 2083 1208 2146 et
1251 2082 1518 2165 providis
1563 2080 1712 2146 11110
1753 2100 1854 2147 001
1897 2081 2177 2148 Amadeo
2217 2081 2291 2147 de
2339 2080 2831 2166 Bonguadagnis,
2883 2099 2983 2146 ser
3027 2079 3135 2145 de—

414 2168 680 2233 siderato
727 2170 947 2246 Luceo,
991 2189 1090 2235 001
1137 2169 1320 2236 Petro
1369 2169 1680 2253 quondam
1726 2188 1826 2234 ser
1871 2169 2156 2253 Jacopini
2201 2168 2278 2235 de
2321 2170 2552 2235 Rubeis
2613 2170 2678 2234 et
2733 2187 2830 2233 ser
2874 2168 3134 2235 Nicolao

414 2255 490 2319 de
539 2255 800 2323 Girardo
845 2258 1086 2323 notario
1132 2259 1390 2323 ducatus
1434 2256 1866 2336 veneciarum,
1916 2259 2179 2324 testibus
2226 2261 2300 2323 ad
2344 2258 2644 2341 premissa
2698 2258 2932 2323 vocatis
2993 2275 3136 2339 spe-

414 2343 660 2410 cialiter
704 2347 767 2409 et
810 2347 1045 2428 rogatis
1091 2348 1156 2411 et
1200 2347 1360 2412 aliis.
1406 2347 1479 2411 In
1525 2347 1967 2429 premissorum
1999 2349 2207 2412 autem
2241 2346 2424 2413 fidem
2472 2350 2537 2411 et
2582 2343 2955 2411 evidentiam
3001 2345 3135 2427 ple-

415 2431 650 2497 niorem
698 2433 970 2515 prefatus
1011 2434 1274 2500 illustris
1313 2436 1597 2500 dominus
1668 2435 1788 2500 dux
1848 2454 2098 2518 presens
2155 2437 2639 2502 instrumentum
2701 2433 3134 2500 ratificationis

418 2520 484 2583 et
527 2521 856 2588 iuramenti
902 2522 1036 2588 fieri
1083 2523 1418 2600 mandavit,
1467 2525 1533 2588 et
1577 2522 1749 2588 bulla
1794 2542 1907 2588 sua
1950 2524 2244 2609 plumbea
2287 2524 2588 2608 pendente
2633 2521 2882 2588 muniri.

622 2608 756 2694 Ego
800 2610 1196 2679 Guillielmus
1243 2614 1318 2679 de
1370 2611 1717 2679 Vincenciis
1762 2615 1880 2679 etc.

501 2719 823 2780 Paetorum
877 2719 984 2782 VI.
1029 2721 1135 2801 21,
1181 2738 1226 2780 u
1267 2721 1424 2784 mlet.
1471 2721 1707 2783 arkivu.

547 2970 552 2983 .
670 2892 1148 2976 cchvn.
1204 2892 1410 2977 0011.
1463 2867 1682 2977 13'81.
1737 2894 1834 2976 21
1887 2893 2337 2996 nstopaua,
2384 2916 2445 2976 u
2496 2893 2889 2979 1111010111.

1068 3038 1359 3112 Napatak
1402 3054 1477 3098 za
1508 3038 1827 3113 poslanike
1869 3038 2040 3099 iducc
2082 3057 2124 3098 u
2182 3038 2475 3116 Uyarsku.

634 3138 819 3205 1381.
867 3140 965 3205 die
1010 3141 1162 3206 XXI
1207 3142 1499 3207 octubris.
1545 3141 1893 3226 Sapientes.
1944 3142 2169 3225 Capta:
2218 3144 2375 3227 quod
2423 3145 2547 3209 ista
2593 3144 2678 3210 sit
2707 3140 2995 3208 comissio
3027 3159 3136 3206 no-

415 3226 635 3292 bilium
683 3229 954 3293 virorum
1001 3248 1100 3293 ser
1146 3231 1446 3297 Leonardi
1497 3230 1782 3297 Dandulo
1828 3232 1892 3296 et
1932 3250 2032 3296 ser
2077 3232 2325 3298 Fantini
2360 3232 2623 3317 Georgio
2660 3232 2953 3308 militum,
3001 3248 3139 3293 am-

415 3317 775 3381 baxatorum
825 3317 900 3381 ad
945 3317 1261 3382 dominum
1308 3337 1517 3401 regem
1565 3320 1905 3404 Hungarie.
1945 3319 2073 3384 Nos
2117 3319 2398 3386 Andreas
2435 3319 2772 3387 contareno
2804 3318 2901 3383 dei
2935 3319 3140 3402 gratia

414 3406 536 3469 dux
582 3404 987 3470 Venetiarum
1034 3406 1172 3485 etc„
1216 3408 1668 3473 committimus
1713 3409 1883 3475 vobis
1930 3408 2236 3473 nobilibus
2293 3409 2442 3474 viris
2487 3408 2807 3475 Leonardo
2855 3407 3140 3473 Dandulo

416 3493 483 3557 et
527 3492 791 3558 Fantino
837 3492 1100 3577 Georgio
1146 3495 1457 3560 militibus
1503 3496 1750 3562 dilectis
1798 3497 2038 3563 civibus
2079 3499 2143 3562 et
2187 3498 2477 3562 fidelibus
2540 3499 2786 3574 nostris,
2854 3495 3014 3579 quod
3075 3496 3139 3560 in

418 3584 662 3646 nostros
706 3582 1135 3647 ambaxatores
1183 3583 1487 3648 solemnes
1532 3585 1620 3649 ire
1666 3584 1941 3651 debeatis
1986 3585 2060 3649 ad
2108 3586 2569 3651 serenissimum
2627 3590 2690 3651 et
2750 3583 3139 3650 excellentis·

415 3669 643 3734 simum
696 3670 1014 3736 dominum
1061 3671 1434 3737 Ludovicum
1497 3692 1706 3757 regem
1752 3672 2072 3757 Hungarie
2132 3692 2272 3739 cum
2331 3674 2530 3739 literis
2592 3673 2817 3739 nostris
2878 3672 3141 3737 creduli-

415 3760 584 3823 tatis.
636 3756 769 3833 Cui,
820 3759 985 3824 facta
1032 3760 1372 3826 reverentia
1419 3763 1483 3825 et
1522 3761 1894 3826 salutatione
1942 3781 2083 3827 cum
2129 3762 2334 3827 verbis
2379 3763 2605 3828 amoris
2666 3764 2731 3828 et
2791 3759 3138 3826 dilectionis

413 3847 574 3912 sicut
619 3848 906 3912 convenit
947 3867 1057 3931 pro
1103 3846 1327 3913 honore
1373 3849 1567 3913 nostri
1610 3850 1862 3927 domini,
1909 3868 2206 3932 exponere
2252 3850 2550 3927 debeatis,
2600 3852 2763 3934 quod
2809 3848 2971 3914 sicut
3004 3847 3139 3929 pla-

414 3936 545 4000 cuit
589 3935 791 4000 divine
835 3937 1168 4014 maiestati,
1218 3955 1254 4001 a
1299 3956 1419 4019 qua
1465 3937 1622 4002 bona
1668 3940 1887 4004 cuncta
1935 3940 2294 4022 procedunt,
2345 3958 2537 4023 nuper
2569 3939 2630 4002 in
2662 3938 2945 4022 partibus
2976 3935 3139 4000 Tau-

417 4022 534 4087 rini
583 4023 888 4089 mediante
925 4024 1391 4106 interpositione
1426 4024 1691 4091 illustris
1724 4027 1789 4091 et
1834 4026 2059 4092 excelsi
2106 4027 2337 4093 domini
2386 4026 2630 4092 comitis
2676 4023 2977 4091 Sabaudie
3038 4042 3139 4088 ce-

415 4110 654 4176 lebrata
711 4115 775 4177 et
821 4114 1066 4180 firmata
1111 4113 1230 4178 suit
1294 4114 1450 4180 bona
1509 4123 1572 4179 et
1629 4118 1927 4198 perpetua
1982 4134 2097 4199 pax
2157 4117 2319 4180 inter
2379 4115 2782 4180 serenitatem
2853 4129 3028 4178 suam
3075 4114 3140 4178 et

416 4218 626 4264 omnes
672 4200 1014 4285 colligatos,
1043 4201 1408 4268 adherentes
1455 4207 1518 4268 et
1566 4222 1857 4287 sequaces
1903 4223 2012 4268 sue
2058 4205 2224 4288 regie
2270 4203 2618 4269 maiestatis
2666 4222 2737 4267 ex
2785 4220 2906 4266 una
2965 4202 3135 4282 parte

416 4288 481 4353 et
524 4306 632 4353 nos
663 4290 744 4353 ⁴et
787 4307 1109 4355 commune
1157 4293 1438 4356 nostrum
1488 4293 1551 4356 et
1594 4292 1957 4357 adherentes
2028 4293 2094 4357 et
2138 4310 2425 4375 sequaces
2487 4292 2726 4357 nostros
2786 4309 2857 4355 ex
2918 4287 3135 4367 altera,

414 4394 600 4459 quam
643 4394 857 4459 pacem
907 4379 969 4442 et
1014 4380 1303 4444 contenta
1348 4380 1408 4444 in
1457 4399 1529 4448 00
1589 4399 1801 4446 sumus
1864 4379 2150 4464 dispositi
2212 4380 2533 4445 observare
2594 4397 2734 4444 cum
2797 4376 3014 4443 effectu
3075 4381 3139 4442 et

414 4464 615 4529 facere
661 4466 1104 4532 inviolabiliter
1148 4468 1479 4547 observari,
1530 4487 1648 4534 non
1694 4468 2073 4547 dubitanteS,
2122 4468 2246 4534 imo
2292 4469 2553 4533 firmiter
2606 4466 2906 4543 tenentes,
2976 4467 3136 4549 quod

413 4551 617 4617 simile
642 4555 1020 4637 propositum
1045 4557 1142 4621 est
1186 4557 1252 4622 et
1277 4557 1397 4621 erit
1418 4577 1526 4640 per
1566 4559 1777 4622 futura
1802 4560 2082 4641 tempora
2104 4557 2167 4621 in
2193 4555 2585 4623 serenissima
2638 4555 2964 4620 maiestate
3024 4571 3139 4618 sua

414 4642 491 4704 ad
536 4640 786 4706 laudem
834 4642 927 4707 dei
978 4646 1041 4707 et
1087 4645 1563 4710 consolationem
1613 4646 1676 4709 et
1722 4645 1948 4710 bonum
1993 4644 2284 4727 partium.

620 4728 1074 4813 Subsequenter
1119 4733 1453 4816 exponetis,
1503 4733 1663 4816 quod
1710 4732 1774 4797 in
1820 4751 1968 4815 pace
2013 4733 2151 4816 ipsa
2195 4732 2359 4797 inter
2388 4731 2513 4798 alia
2544 4729 2895 4798 continetur
2941 4746 3133 4793 unum

413 4815 751 4898 capitulum
795 4818 980 4885 istius
1026 4822 1275 4902 tenoris,
1324 4821 1631 4903 videlicet,
1679 4823 1842 4905 quod
1885 4839 1994 4904 pro
2043 4820 2262 4885 maiori
2307 4821 2549 4887 cautela
2593 4820 2660 4886 et
2700 4817 3136 4885 stabilimento
