3620 5282
474 370 606 437 332

684 549 766 613 Et
811 547 863 612 si
910 567 1057 613 uxor
1082 551 1192 614 tua
1240 551 1338 614 vel
1384 548 1637 613 heredes
1684 548 2001 612 masculus
2049 546 2157 610 aut
2202 544 2434 609 femina
2478 562 2516 609 a
2558 544 2706 609 XVI
2770 544 2949 609 annis
3011 564 3199 628 snpra

473 636 568 702 vel
617 637 812 701 sotius
858 636 1133 702 facerent
1177 636 1428 719 aliquid,
1477 638 1634 718 quod
1682 636 1800 699 tibi
1848 633 1932 698 sit
1977 634 2240 698 vetitum
2288 651 2397 715 per
2442 634 2619 697 tuam
2681 634 3197 714 commissionem,
3263 672 3271 679 ·

471 724 535 788 et
579 725 891 791 accusatio
956 724 1121 790 facta
1180 724 1371 788 fuerit
1436 724 1612 788 nobis
1674 742 1783 788 seu
1847 721 2318 786 advocatoribus
2380 720 2767 798 communis,
2833 719 3019 786 debes
3064 740 3198 786 esse

468 814 859 893 responsator
904 816 968 878 et
1010 812 1272 895 pagator
1318 813 1391 876 de
1436 812 1603 876 omni
1648 828 1740 890 eo,
1805 811 1963 893 quod
2029 810 2425 874 advocatores
2480 808 2913 874 convincerent
2947 810 3038 875 ,in
3087 809 3197 875 illo

470 898 745 978 consilio,
792 900 856 964 in
904 919 1021 983 quo
1068 899 1472 983 placitabunt.

682 986 1010 1053 Sciendum
1059 990 1173 1066 est,
1223 989 1379 1070 quod
1426 988 1794 1069 quicumque
1842 986 1916 1051 de
1963 986 2165 1051 cetero
2211 984 2348 1064 ibit,
2396 1003 2505 1052 seu
2552 984 2731 1048 modo
2789 985 2886 1049 est
2929 983 2992 1049 in
3036 985 3201 1068 regi-

471 1074 658 1152 mine,
707 1076 1101 1155 ambaxariiS,
1151 1075 1602 1157 capitaneariiS,
1653 1074 1751 1139 vel
1798 1074 2005 1156 aliquo
2051 1073 2170 1137 alio
2218 1072 2421 1137 officio
2476 1091 2587 1155 pro
2635 1073 2946 1137 communi
2995 1072 3197 1138 Vene-

470 1162 726 1239 ciarum‚
775 1166 838 1227 et
883 1164 1197 1228 convictus
1243 1163 1434 1227 fuerit
1478 1182 1585 1244 per
1633 1161 1950 1226 dominum
2013 1161 2233 1225 ducem
2277 1162 2340 1224 et
2396 1161 2526 1224 eius
2590 1160 2915 1229 consilium
2964 1159 3038 1225 de
3083 1161 3193 1225 XL

474 1250 572 1314 vel
617 1268 727 1331 per
773 1250 885 1316 XL
931 1270 1070 1315 cum
1117 1250 1365 1314 domino
1415 1250 1567 1315 duce
1615 1252 1677 1314 et
1726 1251 1856 1313 eius
1930 1248 2205 1325 consilio,
2271 1248 2369 1312 vel
2429 1266 2540 1330 per
2604 1247 2805 1312 maius
2869 1248 3201 1313 consilium

472 1338 583 1402 aut
623 1355 733 1419 pro
779 1339 1122 1420 placitariis
1165 1340 1601 1404 advocatorum
1647 1336 2013 1413 communiS,
2063 1337 2224 1419 quod
2269 1335 2459 1400 fuerit
2500 1335 2739 1400 furatus
2786 1335 2861 1400 de
2913 1336 3087 1400 bonis
3136 1338 3200 1401 et
3305 1402 3310 1405 ,

472 1423 694 1489 havere
743 1426 1107 1506 communis,
1158 1426 1254 1490 vel
1301 1426 1485 1490 aliter
1540 1425 1618 1489 ab
1668 1426 1809 1489 aliis
1872 1426 2081 1489 contra
2128 1442 2304 1488 suam
2365 1423 2860 1488 commissionem
2907 1424 2972 1487 et
3015 1442 3196 1487 suum

472 1510 815 1594 capitulare
863 1514 1168 1596 acceperit
1213 1514 1408 1578 libras
1454 1514 1504 1577 L
1551 1512 1644 1576 illi
1693 1513 1765 1576 de
1814 1514 2003 1589 extra,
2054 1514 2117 1576 et
2159 1511 2349 1575 libras
2397 1511 2576 1576 XXV
2609 1510 2702 1574 illi
2750 1511 2825 1575 de
2870 1511 3054 1587 intra,
3089 1510 3198 1576 de-

475 1600 628 1664 beat
672 1601 911 1665 solvere
956 1601 1019 1666 id
1067 1601 1226 1684 quod
1273 1601 1678 1665 terminatum
1720 1599 1907 1664 fuerit
1953 1602 2017 1665 et
2063 1600 2317 1681 duplum
2349 1618 2544 1680 usque
2582 1591 2662 1662 ad
2698 1600 2833 1663 octo
2871 1598 3003 1663 dies
3048 1600 3196 1664 tunc

475 1688 788 1770 proxime,
856 1691 921 1754 et
965 1689 1019 1753 si
1064 1709 1183 1755 non
1246 1687 1504 1753 solverit
1565 1688 1832 1770 capitale
1893 1688 1957 1752 et
2019 1705 2241 1770 penam
2307 1686 2500 1769 dupli,
2557 1705 2679 1751 non
2725 1686 2920 1768 possit
2968 1686 3197 1751 habere

472 1774 742 1839 officinm
794 1776 855 1840 in
914 1776 1198 1842 Veneciis
1250 1794 1361 1841 nec
1425 1777 1632 1853 extra,
1695 1794 1809 1840 nec
1871 1776 1944 1839 de
2009 1774 2229 1839 maiori
2288 1774 2541 1839 consilio
2601 1793 2735 1839 esse
2778 1792 2969 1855 usque
3015 1774 3092 1839 ad
3138 1774 3227 1839 V·

470 1880 660 1927 annos
709 1864 857 1929 tunc
904 1865 1232 1946 proximos,
1282 1866 1348 1929 et
1395 1862 1835 1929 nichilominus
1876 1862 2160 1927 dominus
2208 1863 2326 1926 dux
2369 1864 2433 1927 et
2478 1861 2817 1927 consiliarii
2864 1863 3194 1933 teneantur

397 2025 400 2028 ⁴
469 1951 714 2035 exigere
761 1955 825 2017 et
869 1953 1133 2036 capitale
1182 1953 1246 2016 et
1290 1971 1512 2034 penam
1561 1951 1637 2016 ab
1685 1952 1793 2015 eis,
1834 1952 1917 2015 Et
1961 1950 2332 2034 quicumque
2355 1950 2678 2015 donaverit
2723 1952 2787 2013 et
2830 1947 3071 2014 dederit
3119 1949 3194 2016 de

467 2039 642 2103 bonis
689 2041 1031 2105 communis
1079 2042 1291 2104 contra
1337 2058 1520 2104 suum
1566 2039 1913 2120 capitutare
1961 2038 2059 2102 vel
2105 2037 2627 2114 commissionem,
2683 2037 2910 2102 debeat
2956 2039 3194 2103 restau-

466 2144 604 2191 rare
650 2127 724 2191 de
771 2147 879 2193 suo
926 2128 1168 2210 proprio
1215 2128 1373 2191 infra
1419 2128 1555 2192 octo
1598 2127 1725 2191 dies
1772 2128 2020 2192 tantum
2053 2130 2349 2208 quantum
2398 2126 2650 2205 dederit,
2704 2127 2769 2190 et
2814 2126 2867 2190 si
2914 2144 3034 2190 non
3067 2126 3190 2189 sol-

468 2214 646 2293 verit,
691 2216 872 2279 cadat
918 2217 980 2280 in
1027 2216 1226 2280 dictas
1274 2234 1461 2297 penas
1509 2214 1679 2295 dupli
1728 2217 1789 2279 et
1838 2213 2200 2297 privationis
2248 2212 2588 2279 officiorum
2639 2216 2703 2277 et
2750 2213 3000 2278 maioris
3048 2231 3194 2278 con-

469 2302 612 2380 silii,
661 2304 733 2366 ut
778 2302 1011 2368 dictum
1060 2304 1177 2368 est.
1224 2304 1521 2368 Preterea
1566 2302 1618 2366 si
1664 2301 1759 2365 illi
1807 2303 1881 2365 de
1929 2302 2166 2365 ratione
2214 2300 2498 2379 dixerint,
2548 2302 2705 2383 quod
2750 2301 2826 2365 de
2872 2301 3187 2383 predictis,

467 2389 635 2454 facta
681 2407 895 2455 eorum
941 2391 1197 2467 ratione,
1245 2390 1517 2456 habeant
1537 2389 1613 2454 de
1638 2390 1859 2455 havere
1907 2388 2252 2453 communis
2287 2389 2482 2453 libras
2514 2388 2711 2465 XXV,
2757 2388 2849 2453 illi
2883 2390 2957 2453 de
2996 2391 3188 2467 extra,

471 2477 571 2541 vel
617 2477 677 2539 in
729 2496 934 2560 supra,
984 2479 1047 2541 et
1084 2478 1274 2542 libras
1317 2479 1375 2541 X
1422 2477 1516 2542 illi
1558 2477 1638 2541 'de
1683 2480 1850 2542 intra
1895 2475 1991 2542 vel
2057 2476 2115 2540 in
2181 2496 2405 2559 supra,
2471 2477 2816 2559 precipiant
2861 2477 2984 2555 eiS,
3032 2476 3194 2560 quod

470 2564 717 2629 solvant
760 2585 956 2648 usque
1001 2567 1077 2630 ad
1124 2566 1275 2630 VIII
1323 2565 1473 2645 dieS,
1523 2567 1584 2630 et
1634 2565 1686 2630 si
1734 2585 1851 2631 non
1903 2564 2219 2640 solverint,
2269 2565 2493 2629 cadant
2533 2565 2595 2628 in
2630 2583 2852 2647 penam
2900 2563 3095 2648 dupli,
3133 2566 3195 2629 et

468 2671 586 2717 non
632 2652 873 2735 possint
915 2673 1105 2737 usque
1152 2655 1228 2718 ad
1277 2655 1431 2719 VIII
1491 2673 1678 2719 annos
1745 2655 1970 2719 habere
2031 2652 2301 2718 officium
2364 2653 2707 2718 communis
2770 2672 2880 2718 nec
2939 2672 3072 2718 esse
3120 2654 3194 2718 de

471 2740 688 2805 maiori
711 2741 984 2807 consilio.
1035 2741 1216 2807 Salvo
1240 2742 1303 2806 in
1328 2742 1611 2808 omnibus
1636 2742 1835 2807 officio
1859 2741 2295 2808 advocatorum
2326 2742 2703 2818 communis3
2751 2743 2815 2804 et
2848 2741 2960 2805 hec
2991 2742 3197 2807 omnia

474 2828 745 2893 debeant
789 2831 929 2894 addi
976 2829 1037 2894 in
1086 2829 1514 2896 commissione
1559 2833 1890 2895 rectorum.
2837 2887 2842 2888 ff

370 2981 397 3010 J,
679 2918 973 2982 Preterea
1017 2918 1176 2982 scire
1222 2920 1424 2996 debeS,
1475 2919 1637 3001 quod
1686 2917 2085 3002 captum'est
2131 2917 2194 2980 in
2242 2917 2470 2981 nostris
2518 2915 2793 2981 consiliis
2819 2916 3062 2995 minori,
3097 2934 3196 2981 ro-

472 3004 760 3086 gatorum
810 3007 873 3069 et
903 3006 1031 3084 XL,
1079 3007 1239 3090 quod
1285 3006 1720 3071 committatur
1764 3005 2107 3071 rectoribus
2155 3005 2381 3069 nostris
2427 3003 2766 3084 Sclavenie,
2815 3006 2976 3087 quod
3024 3006 3196 3069 tene-

471 3093 655 3156 antur
703 3096 766 3156 et
811 3093 1075 3157 debeant
1118 3113 1377 3176 aponere
1425 3095 1786 3177 diligentem
1813 3113 2023 3158 curam
2072 3094 2138 3158 et
2180 3091 2547 3171 custodiam,
2598 3111 2673 3156 ne
2717 3093 2809 3157 sal
2833 3093 3194 3158 extrahatur

469 3178 544 3242 de
592 3178 723 3243 suis
769 3182 951 3245 terris
991 3199 1098 3262 pro
1138 3181 1337 3246 eundo
1377 3184 1590 3245 contra
1633 3182 1876 3247 ordines
1923 3183 2202 3258 nostrOS,
2253 3182 2318 3245 et
2362 3180 2438 3246 ob
2487 3180 2618 3256 hoc,
2682 3180 2924 3263 quando
2970 3180 3193 3265 aliquis

467 3263 731 3330 voluerit
776 3269 1096 3332 extrahere
1141 3268 1334 3332 salem
1383 3268 1457 3332 de
1503 3269 1688 3333 terris
1745 3268 1896 3346 suiS‚
1947 3268 2211 3334 debeant
2257 3269 2532 3350 accipere
2595 3268 2966 3349 plezariam,
3030 3267 3191 3351 quod

467 3370 587 3416 non
634 3353 818 3417 ibunt
862 3358 1075 3419 contra
1117 3355 1359 3419 ordines
1422 3357 1698 3435 nostrOS,
1764 3358 1828 3420 et
1884 3355 2040 3439 quod
2104 3355 2334 3420 facient
2393 3355 2599 3420 venire
2659 3355 3088 3420 contraliteras
3152 3374 3189 3422 a

468 3440 810 3505 rectoribus
855 3441 1148 3519 locorum,
1196 3443 1303 3507 ubi
1351 3442 1687 3508 detulerint
1728 3444 1963 3508 dictum
2011 3442 2230 3521 salem,
2276 3444 2391 3507 sub
2440 3461 2597 3525 pena
2640 3443 2944 3507 librarum
2990 3443 3187 3509 XXV.

467 3527 551 3590 Et
587 3527 639 3591 si
685 3527 918 3611 aliquid
966 3530 1310 3595 extractum
1357 3531 1545 3595 fuerit
1590 3530 1667 3595 de
1712 3530 1896 3595 dictis
1926 3531 2126 3609 terriS,
2171 3531 2235 3595 et
2258 3529 2444 3595 iverit
2488 3531 2701 3596 contra
2724 3530 2925 3596 banna
2955 3534 3189 3610 nostra,

467 3614 732 3680 debeant
777 3616 930 3682 dicti
977 3620 1246 3682 rectores
1293 3617 1610 3682 notificare
1660 3618 1859 3683 officis
1927 3617 2156 3683 nostris
2203 3618 2279 3682 de
2321 3615 2652 3696 Catavere,
2718 3618 3190 3686 intromittendo

464 3703 903 3769 nichilominus
950 3724 1238 3787 personas
1280 3708 1345 3770 et
1391 3707 1550 3771 bona
1595 3708 1722 3771 tam
1765 3704 2205 3789 principalium
2239 3725 2424 3789 quam
2461 3704 2890 3771 fideiussorum
2917 3705 3187 3781 illorum,

467 3792 569 3873 qui
616 3792 874 3856 fecerint
914 3794 1343 3871 contrabanna,
1394 3813 1584 3877 usque
1625 3794 1701 3858 ad
1747 3794 2059 3876 integram
2085 3794 2574 3858 satisfactionem
2607 3793 2759 3873 eiuS‚
2809 3794 2972 3877 quod
3019 3812 3188 3858 com-

468 3878 801 3944 misserint.
850 3881 932 3944 Et
976 3880 1124 3945 dicti
1159 3884 1443 3962 rectoreS,
1492 3882 1841 3946 inventores
1889 3885 1952 3946 et
1998 3883 2388 3946 accusatores
2433 3881 2705 3946 habeant
2727 3881 2903 3946 illam
2929 3882 3191 3964 partem,

469 3984 656 4049 quam
703 3967 767 4031 in
815 3967 1129 4034 similibus
1177 3969 1422 4034 casibus
1470 3970 1705 4034 habent
1734 3970 2005 4038 rectores
2038 3969 2101 4032 et
2133 3969 2421 4033 custodes
2457 3970 2654 4034 nostri
2688 3987 2725 4033 a
2757 3969 2963 4035 Grado
2996 3988 3193 4052 usque

465 4058 651 4135 caput
695 4059 961 4138 aggeris
1031 4057 1117 4120 Et
1159 4057 1406 4140 insuper
1437 4058 1866 4122 committatur
1910 4057 2252 4122 rectoribus
2301 4056 2621 4123 Sclavonie
2671 4057 2985 4139 predicti3‚
3033 4056 3192 4139 quod

466 4141 696 4207 faciant
741 4144 805 4208 et
850 4144 1133 4209 ordinent
1178 4145 1297 4212 sub.
1341 4144 1468 4209 illis
1517 4144 1687 4227 penis
1734 4148 1798 4209 et
1842 4144 2060 4221 modiS,
2111 4145 2212 4226 qui
2261 4144 2380 4209 sibi
2428 4144 2817 4224 videbuntur,
2864 4145 3021 4227 qnod
3070 4144 3189 4223 illi,

468 4229 571 4309 qui
617 4230 827 4294 levant
872 4231 971 4295 vel
1015 4231 1207 4297 levari
1256 4232 1490 4298 faciunt
1516 4233 1711 4298 salem
1754 4232 2032 4297 interris
2077 4233 2140 4296 et
2182 4232 2589 4315 regiminibus
2636 4232 2800 4310 suis,
2860 4233 3187 4297 teneantur

464 4317 528 4378 et
572 4315 839 4381 debeant
884 4319 1004 4383 sibi
1051 4320 1195 4384 dare
1242 4321 1302 4384 in
1350 4320 1598 4402 scriptis
1644 4323 1840 4385 totam
1885 4321 2298 4402 quantitatem
2371 4320 2522 4384 salis
2569 4319 2781 4397 levati,
2831 4322 2895 4384 et
2934 4319 3010 4385 de
3060 4321 3193 4406 ipso

463 4419 583 4466 non
630 4405 889 4469 vendere
935 4406 1066 4471 sine
1112 4407 1366 4472 licentia
1412 4410 1717 4473 rectorum
1768 4412 2141 4472 nostrorum.

672 4491 833 4555 Item
880 4494 1236 4559 observabis
1298 4495 1563 4560 formam
1633 4494 2016 4579 infrascripti
2083 4493 2329 4559 consilii
2386 4495 2551 4577 capti
2600 4495 2664 4558 in
2710 4494 2969 4559 consilio
3015 4511 3197 4578 roga-

464 4578 671 4639 torum
716 4579 779 4642 et
824 4579 934 4644 XL
982 4582 1317 4648 millesimo
1369 4580 1683 4661 CCCLIV,
1732 4582 2067 4648 indictione
2104 4582 2243 4660 VlI,
2293 4582 2390 4646 die
2438 4582 2636 4665 primo
2672 4581 2826 4661 iulii,
2878 4601 2996 4663 que
3041 4581 3188 4647 talis

467 4664 598 4728 est:
647 4666 805 4746 quod
855 4669 1285 4734 committatur
1331 4671 1672 4735 rectoribus
1720 4671 1950 4735 nostris
2019 4668 2430 4751 infrascriptis
2493 4671 2801 4734 terrarum
2849 4669 3190 4750 Sclavonie,

465 4751 529 4816 et
572 4754 1121 4821 communitatibus
1147 4776 1377 4836 earum,
1426 4757 1713 4822 videlicet
1739 4757 1955 4822 comiti
1972 4758 2044 4822 *et
2069 4755 2434 4822 consiliariis
2463 4755 2674 4836 Jadre,
2723 4757 2939 4822 comiti
2983 4760 3047 4821 et
3092 4775 3196 4822 ca-
