3620 5282
3019 355 3149 420 425

779 533 1123 614 LXXV.
1205 531 1412 615 Gon.
1468 530 1695 614 1286.
1753 532 1850 615 21
1904 532 2270 633 svibnja,
2322 553 2382 612 u
2435 529 2827 612 Mletcih.

887 731 899 742 ι
989 658 1169 719 Glede
1203 659 1631 732 popravzjenja
1670 659 1971 732 m'emabke
2016 660 2040 716 i
2084 658 2338 732 -uyarske
2382 661 2546 716 ceste.

631 797 749 862 Die
798 797 1098 880 vigesima
1142 796 1342 878 prima
1390 797 1596 875 madii,
1633 800 1816 878 capta
1864 796 1984 860 fuit
2031 815 2205 878 pars:
2264 797 2423 878 quod
2470 794 2644 872 illud,
2694 794 2855 879 qnod
2904 794 3150 861 factum

422 886 519 949 est
564 887 628 948 et
673 884 784 949 fiet
827 904 937 967 per
979 884 1298 949 dominum
1346 884 1582 965 ducem,
1633 885 2016 949 consiliarios
2057 886 2120 948 et
2163 884 2574 966 quadraginta
2621 883 2696 948 de
2743 882 2907 948 facio
2975 886 3154 966 apta-

423 972 613 1037 tionis
660 974 998 1037 stratarum
1046 971 1603 1037 'Iheuthonicorum
1653 975 1717 1037 et
1765 973 2158 1056 Ungarorum
2207 976 2336 1050 (sit)
2388 974 2675 1050 firmum,
2743 971 2905 1036 sicut
2956 970 3008 1035 si
3058 971 3148 1036 fa-

425 1062 594 1124 ctum
641 1059 801 1125 foret
846 1079 955 1143 per
1000 1061 1201 1123 maius
1248 1059 1609 1137 consilium3
1656 1062 1719 1125 et
1761 1060 1814 1124 si
1861 1060 2189 1124 consilium
2238 1064 2333 1123 est
2380 1061 2612 1137 contra,
2663 1059 2749 1123 sit
2795 1060 3149 1123 revocatum

427 1149 730 1230 quantum
776 1148 840 1211 in
887 1148 1021 1212 hoc.
1068 1147 1199 1230 Ego
1247 1149 1364 1212 etc.

509 1238 724 1297 Maius
769 1239 1098 1297 consilium.
1146 1237 1596 1297 Luna-Zaneta
1643 1239 1744 1297 list
1789 1239 1932 1309 198,
1980 1256 2023 1297 u
2068 1238 2285 1297 arkivu
2330 1238 2689 1297 mletae‘kom.

754 1444 1148 1526 LXXVI.
1232 1443 1413 1527 Gocl
1469 1445 1698 1527 1286.
1756 1445 1859 1529 25
1914 1445 2280 1546 svibnja,
2334 1467 2394 1526 u
2447 1444 2838 1527 Mletcill.

858 1571 1202 1645 Primb'eno,
1249 1571 1331 1630 da
1374 1588 1436 1630 se
1481 1573 1700 1644 upravi
1732 1572 2021 1644 poslanik
2065 1572 2104 1629 k
2135 1571 2461 1645 aqua-hrt).
2509 1571 2732 1643 kraha.

508 1726 511 1731 ·
645 1688 759 1754 Die
805 1689 1104 1773 vigesimo
1149 1689 1362 1773 quinto
1410 1692 1619 1769 madii,
1679 1694 1863 1775 capta
1923 1691 2041 1755 fuit
2098 1710 2274 1775 pars:
2349 1694 2506 1774 quod
2570 1692 2796 1756 debeat.
2859 1693 3156 1757 destinari

428 1776 679 1842 nuntius
724 1779 798 1842 ad
846 1777 1161 1843 dominum
1207 1797 1418 1862 regem
1468 1778 1740 1862 Ungarie
1787 1799 1927 1845 cum
1973 1780 2081 1844 illa
2130 1781 2600 1858 commissione,
2650 1798 2767 1862 que
2816 1780 3153 1858 videbitur,

431 1863 536 1946 qui
580 1866 828 1930 nuntius
875 1865 1100 1931 debeat
1143 1866 1233 1930 ire
1280 1865 1440 1930 infra
1486 1867 1836 1948 quindecim
1882 1868 2032 1933 dies.
2080 1868 2211 1951 Ego
2258 1872 2373 1931 etc.

515 1955 727 2015 Maius
770 1957 1100 2017 consilium.
1149 1956 1599 2016 Luna-Zaneta
1648 1959 1749 2016 list
1798 1961 1943 2029 199,
1991 1976 2032 2017 u
2077 1959 2416 2018 mletaekom
2462 1960 2696 2018 arkivu.

728 2163 1170 2245 LXXVII.
1243 2162 1449 2246 Gon.
1505 2163 1734 2246 1286.
1791 2163 1896 2246 29
1949 2163 2314 2263 svibnja,
2370 2185 2430 2244 u
2478 2161 2873 2252 Mletcih.

430 2286 750 2363 Odredjuje
788 2306 851 2349 se
883 2289 1069 2363 placa
1106 2290 1486 2363 postanikom
1528 2289 1846 2391 odlazebim
1873 2308 1933 2437 ἐι
1977 2290 2149 2363 postu
2182 2290 2604 2363 popravb'enja
2657 2294 2806 2349 ceste
2852 2289 3152 2361 njemaeke

1624 2397 1648 2437 ι
1687 2394 1871 2453 uyars
1912 2394 1960 2436 e.

639 2496 757 2563 Die
803 2497 1101 2581 vigesimo
1149 2517 1306 2564 nono
1353 2497 1562 2576 madii,
1610 2499 1792 2580 capta
1852 2498 1971 2563 fuit
2034 2517 2208 2581 pars:
2273 2500 2432 2581 quod
2497 2497 2945 2563 ambaxiatores
2995 2496 3150 2561 ituri

430 2602 537 2668 pro
579 2584 895 2669 aptatione
943 2587 1280 2652 stratarum
1326 2586 1845 2652 Theutonicorum
1902 2588 1965 2651 et
2010 2586 2405 2670 Ungaroruin
2468 2587 2733 2651 debeant
2780 2585 3003 2650 habere
3053 2603 3152 2650 so-

429 2672 588 2737 lidos
634 2674 857 2758 viginti
903 2693 1260 2758 grossorum
1308 2693 1418 2757 pro
1464 2675 1743 2758 quolibet
1789 2693 1900 2757 pro
1949 2694 2057 2740 suo
2104 2674 2371 2752 sallari0,
2421 2678 2485 2740 et
2526 2674 2754 2739 solidos
2784 2676 2934 2739 duos
2983 2692 3155 2757 gros-

432 2779 635 2825 sorum
683 2780 793 2844 pro
840 2762 1118 2843 expensis
1166 2764 1229 2827 in
1276 2762 1375 2827 die
1422 2781 1532 2845 pro
1582 2762 1890 2845 quolibet3
1957 2764 2063 2826 sed
2104 2763 2157 2825 si
2206 2763 2295 2826 eis
2350 2763 2732 2843 superaverit,
2794 2761 3029 2844 aliquid
3078 2762 3153 2826 de

429 2847 603 2931 ipsiS,
652 2849 937 2915 deveniat
982 2850 1047 2914 in
1092 2868 1453 2925 commun03
1502 2854 1565 2914 et
1613 2850 1841 2914 vadant
1862 2849 2155 2914 cumillis
2181 2849 2688 2927 condictionibuS‚
2737 2868 2879 2914 cum
2926 2849 3149 2931 quibus

431 2936 662 3001 vadunt
710 2937 824 3017 illi,
873 2938 977 3020 qui
1025 2938 1261 3002 vadunt
1306 2937 1383 3002 ad
1431 2940 1643 3001 decem
1694 2940 1832 3002 octo
1887 2955 2154 3020 grossos.
2200 2936 2338 3020 Ego
2387 2939 2503 3000 etc.

515 3027 729 3089 Maius
772 3029 1099 3089 consilium.
1144 3028 1594 3088 Luna-Zancle
1639 3028 1742 3088 list
1788 3030 1934 3098 199,
1981 3045 2024 3086 u
2069 3028 2288 3087 arkivu
2337 3027 2694 3087 mletaclcom.

729 3242 1218 3324 LXXVIII.
1272 3242 1479 3326 Gon.
1534 3241 1762 3325 1286.
1817 3242 1918 3326 23
1964 3242 2279 3344 lipnja,
2332 3264 2392 3323 u
2447 3241 2840 3325 Mletcih.

433 3365 716 3441 Dopusba
755 3386 817 3428 se
849 3370 1229 3443 poslanikom
1275 3369 1611 3429 odaslanim
1654 3370 1794 3427 radi
1842 3386 2109 3442 poprave
2154 3369 2454 3442 niemacke
2498 3371 2522 3428 i
2567 3371 2822 3443 uqarske
2862 3373 3029 3440 ceste,
3075 3369 3157 3429 da

1142 3474 1203 3517 se
1247 3474 1322 3517 za
1354 3458 1527 3531 njeko
1572 3457 1786 3516 vrieme
1830 3475 1873 3516 u
1920 3457 2147 3516 Mletke
2180 3461 2447 3529 povrate.

643 3575 760 3648 Die
799 3575 1099 3660 vigesimo
1139 3577 1351 3658 quinto
1396 3575 1570 3654 iunii,
1635 3580 1814 3658 capta
1874 3575 1994 3640 fuit
2050 3593 2227 3657 pars:
2296 3574 2457 3659 quod
2514 3576 2988 3658 ambaxatoreS,
3052 3576 3157 3660 qui

436 3661 677 3729 iverunt
722 3683 829 3745 pro
873 3664 1034 3729 facto
1080 3663 1419 3747 aptationis
1475 3666 1815 3728 stratarum
1876 3663 2389 3728 Theutonicorum
2437 3666 2501 3728 et
2542 3663 2933 3747 Ungarorum
2962 3713 2976 3740 ‚
3045 3665 3155 3745 qui

436 3755 579 3815 sunt
621 3751 853 3817 reversi
899 3752 977 3815 ad
1024 3751 1316 3828 Belforoe,
1366 3753 1523 3833 quod
1583 3769 1704 3816 non
1768 3753 1972 3833 potest
2031 3769 2238 3816 comes
2302 3751 2597 3816 Albertus
2664 3752 2754 3817 ire
2801 3770 2943 3815 cum
2990 3751 3149 3833 ipsis

435 3840 514 3902 ad
552 3838 768 3904 ducem
817 3837 1111 3916 Carintie‚
1160 3839 1324 3903 sicut.
1385 3839 1682 3917 debebat,
1747 3857 1940 3922 usque
2002 3838 2077 3902 ad
2139 3837 2496 3904 challendas
2555 3838 2844 3922 augusti,
2907 3839 3155 3920 possint

435 3928 660 3990 reverti
707 3926 998 3991 Venetias
1044 3945 1185 3991 cum
1232 3926 1634 4006 condictione,
1679 3928 1840 4010 quod
1904 3925 2167 3991 debeant
2212 3927 2412 3992 redire
2458 3927 2523 3990 in
2573 3926 2808 3992 dictam
2852 3926 3157 3991 ambaxa-

433 4013 591 4077 riam
638 4014 716 4078 ad
762 4014 1146 4079 voluntatem
1192 4012 1427 4079 domini
1463 4013 1659 4079 ducis.
1706 4014 1838 4097 Ego
1883 4015 2000 4078 etc.

519 4103 732 4164 Maius
776 4105 1106 4165 consilium.
1152 4103 1607 4165 Luna-Zaneta
1651 4105 1753 4164 list
1792 4105 1942 4175 202,
1988 4122 2030 4163 u
2074 4104 2415 4185 mlessackom
2461 4106 2693 4165 arkivu.

697 4318 1103 4401 LXXIX.
1182 4319 1390 4406 God.
1444 4319 1672 4403 1286.
1727 4318 1835 4402 30
1890 4318 2389 4420 studenoga,
2444 4342 2504 4401 u
2554 4320 2946 4403 Mletcih.

437 4458 750 4531 Odlucenm
796 4463 878 4522 da
919 4463 1068 4522 bude
1100 4464 1540 4537 pravovaljano
1584 4480 1699 4534 sve,
1730 4462 2034 4611 lstoovie?
2079 4464 2253 4539 malo,
2297 4464 2556 4524 molbeno
2600 4465 2626 4523 i
2671 4465 2747 4524 od
2790 4460 2918 4525 XL
2950 4468 3156 4528 edredi

1535 4569 1577 4610 u
1611 4568 1728 4625 pos
1753 4568 1795 4611 u
1893 4569 1974 4611 mu
2005 4568 2061 4609 a.

642 4668 760 4733 Die
797 4668 1021 4735 ultimo
1066 4670 1438 4749 novembriS‚
1486 4673 1669 4753 capta
1710 4668 1834 4735 fuit
1881 4689 2054 4751 pars:
2121 4671 2282 4753 quod
2328 4669 2505 4748 illud,
2563 4672 2724 4754 quod
2771 4672 3005 4738 factum
3050 4675 3148 4737 est

432 4757 496 4823 et
540 4756 649 4822 fiet
692 4775 803 4839 per
845 4757 1160 4822 dominum
1206 4759 1424 4824 ducem
1470 4760 1534 4823 et
1577 4756 1963 4824 consiliarios
2001 4775 2142 4821 cnm
2187 4756 2440 4822 consilio
2487 4760 2841 4842 rogatorum
2889 4765 2952 4823 et
2987 4776 3134 4841 qna-
