3620 5282
2980 368 3066 434 95

341 545 531 621 tores,
585 543 858 609 sindicos
899 563 1007 608 seu
1053 561 1434 627 quocumque
1481 545 1602 608 alio
1650 546 1829 621 modo
1878 543 2098 609 melius
2146 544 2443 609 nominari
2492 546 2687 627 possit
2720 543 3073 627 specialiter

342 635 404 695 et
450 634 859 696 nominantur
897 631 978 696 ad
1025 632 1462 697 conficiendum
1528 652 1666 707 cum
1731 633 2112 715 quibuslibet
2170 632 2673 697 ambaxatoribus
2721 636 2784 697 et
2830 632 3071 697 nunciis
3180 687 3181 692 ,

341 721 727 784 serenissimi
767 720 999 786 domini
1047 721 1339 785 Ludovici
1391 721 1486 785 dei
1533 721 1743 803 gracia
1766 722 2104 804 Hungarie,
2138 721 2487 787 Jerusalem
2537 723 2602 786 et
2646 720 2855 786 Sicilie
2887 720 3073 804 regie,

351 812 414 872 et
458 828 608 873 eum
657 809 750 873 eis
798 809 1187 873 tractandum
1251 808 1848 900 reconciliationem,
1914 829 2125 893 pacem
2176 814 2238 873 et
2284 808 2665 874 concordiam
2716 827 2898 891 super
2944 828 3076 874 om-

346 897 525 961 nibus
569 900 636 960 et
680 898 945 980 siugulis
977 898 1237 978 guerriS‚
1284 897 1517 974 litibus,
1563 898 1881 963 discordiis
1914 902 1977 963 et
2012 897 2399 975 differenciiS,
2434 916 2551 980 que
2584 899 2883 962 hactenus
2914 898 3076 961 inter

346 984 697 1067 predictum
743 985 1060 1048 dominum
1108 1003 1315 1066 regem
1364 989 1429 1050 et
1473 985 1750 1050 subditos
1799 1004 1941 1051 suos
1985 988 2048 1051 et
2092 1004 2198 1050 nos
2262 1004 2332 1050 ac
2375 985 2654 1050 subditos
2711 993 2774 1050 et
2818 985 3075 1050 hebedi-

346 1075 520 1136 entes
571 1074 818 1137 nostros
864 1072 1325 1155 quomodolibet
1375 1091 1544 1138 verse
1586 1074 1806 1151 forent,
1854 1076 2068 1138 dantes
2115 1073 2346 1138 eisdem
2393 1074 2621 1138 nostris
2669 1073 2977 1138 nobilibus
3010 1076 3074 1138 et

344 1179 560 1224 eorum
607 1160 869 1225 cuilibet
909 1161 1154 1244 plenam
1203 1161 1523 1225 licenciam
1587 1165 1651 1226 et
1721 1161 1989 1227 liberam
2051 1163 2422 1245 potestatem
2485 1162 2885 1227 concordandi
2936 1182 3074 1245 per-

343 1251 528 1330 petuo
569 1249 671 1314 vel
715 1248 794 1312 ad
837 1250 1080 1332 tempus
1115 1249 1510 1314 ldifferencias
1558 1250 1984 1332 supradictaS,
2033 1253 2098 1315 et
2140 1250 2309 1333 ipsas
2355 1251 2429 1315 ad
2473 1269 2700 1330 veram,
2746 1269 2959 1333 puram
3010 1252 3074 1314 et

345 1337 703 1401 continuam
747 1356 857 1401 seu
904 1338 1306 1418 temporalem
1355 1357 1571 1421 pacem
1619 1338 1993 1417 reducendi,
2058 1338 2121 1402 iu
2166 1338 2436 1403 animam
2495 1342 2771 1403 nostram
2832 1337 3072 1403 iurandi

350 1425 813 1506 promissiones
862 1424 1274 1490 instrumenta
1319 1431 1382 1490 et
1424 1426 1761 1509 scripturas
1809 1426 2117 1509 quaslibet
2155 1432 2529 1509 opportunas
2576 1428 2872 1510 perpetuo
2921 1425 3072 1491 faci-

346 1512 486 1576 endi
537 1519 601 1577 et
645 1512 1011 1595 paciscendi,
1061 1532 1132 1577 ac
1177 1516 1470 1597 treuguas
1518 1518 1582 1578 et
1622 1516 1831 1579 omnia
1879 1516 1943 1580 et
1988 1514 2230 1598 singula
2278 1515 2580 1593 faciendi,
2647 1534 2763 1598 que
2809 1513 3071 1597 quilibet

348 1601 480 1664 reri
527 1604 922 1678 tractatores,
968 1603 1392 1684 procuratores
1440 1605 1503 1666 et
1545 1601 1763 1668 sindici
1803 1602 2000 1668 facere
2047 1605 2299 1685 possent
2331 1603 2789 1686 quomodolibet
2832 1602 2929 1668 vel
2964 1603 3070 1668 de·

347 1688 587 1766 berent,
636 1692 700 1754 et
743 1709 858 1772 que
906 1708 1015 1754 nos
1063 1692 1192 1754 met
1235 1691 1354 1773 ipsi
1403 1709 1541 1755 cum
1590 1690 1816 1756 nostris
1861 1692 2132 1756 consiliis
2178 1689 2380 1755 facere
2413 1708 2767 1773 possemus3
2810 1691 3070 1773 promit-

343 1780 551 1841 tentes
595 1776 776 1842 firma
819 1779 885 1842 et
929 1780 1064 1842 rata
1127 1778 1353 1843 habere
1414 1782 1476 1842 et
1537 1780 1745 1844 tenere
1812 1798 2191 1862 quecumque
2252 1798 2362 1861 per
2430 1779 2739 1861 predictos
2803 1779 3068 1844 sindicos

341 1868 591 1930 nostros
636 1867 1005 1930 tractatores
1053 1885 1160 1930 seu
1208 1868 1631 1949 procuratores
1677 1887 1783 1931 seu
1815 1867 2156 1950 quemlibet
2179 1885 2388 1931 eorum
2416 1869 2715 1946 tractata,
2764 1868 3067 1949 promissa

340 1958 410 2017 et
454 1953 705 2017 firmata
752 1953 980 2018 fuerint
1039 1953 1101 2017 in
1159 1955 1470 2037 predictis.
1543 1955 1610 2017 In
1678 1973 1935 2037 quorum
1998 1955 2272 2020 omnium
2338 1955 2523 2019 fidem
2573 1959 2639 2020 et
2689 1955 3065 2021 evidenciam

339 2041 685 2124 pleniorem
743 2045 1057 2124 presentes
1120 2041 1361 2108 litteras
1422 2042 1554 2107 fieri
1618 2043 1943 2123 iussimuS‚
2011 2062 2232 2126 easque
2293 2043 2487 2107 nostri
2558 2043 2752 2126 sigilli
2793 2044 3066 2125 plumbei

342 2130 689 2195 munimine
735 2131 1028 2195 roborari.
1093 2130 1323 2194 Datum
1387 2132 1450 2194 in
1494 2131 1703 2196 nostro
1769 2132 1975 2196 ducali
2019 2131 2262 2214 palacio
2310 2130 2824 2211 MCCOXLVIII,
2873 2131 3068 2197 indic-

337 2218 510 2282 tione
555 2218 777 2300 prima,
829 2219 925 2282 die
969 2217 1161 2282 tercio
1207 2219 1474 2302 augusti.

431 2309 773 2378 Paetorum,
827 2309 890 2367 V.
955 2311 1058 2378 88,
1090 2328 1132 2368 u
1175 2310 1515 2369 mletackom
1577 2311 1806 2370 arkivu.

721 2464 1040 2547 CXLV.
1098 2465 1279 2548 God
1316 2467 1543 2550 1348.
1595 2468 1651 2549 4
1703 2465 2146 2564 kolovoza,
2201 2487 2261 2547 u
2316 2464 2705 2548 Mletcih.

342 2574 660 2650 Oolasc‘uje
697 2592 760 2634 se
795 2575 951 2634 malo
994 2576 1165 2646 viece,
1213 2576 1292 2634 da
1330 2576 1579 2650 odpravi
1623 2578 1876 2651 uyarske
1910 2575 2253 2648 poszanike,
2305 2576 2427 2633 lead
2465 2575 2598 2634 nebi
2646 2576 2740 2634 ουὶ
2782 2576 3039 2648 ρνίεἰαῖἱ,

337 2665 420 2725 da
464 2682 531 2725 se
562 2682 605 2723 u
625 2665 905 2739 ptiminje
950 2667 1143 2724 uvrsti
1189 2666 1210 2723 i
1255 2666 1401 2725 knez
1461 2666 1664 2725 Pavao
1725 2666 2018 2724 bribirski.
2070 2663 2395 2737 Odredjeno
2441 2665 2638 2737 pisata·
2682 2682 2721 2721 u
2762 2665 2938 2733 Nive,
2984 2665 3065 2729 cla

532 2754 680 2812 knez
724 2754 1002 2812 krbavski
1050 2753 1253 2828 Gryur
1297 2757 1320 2812 i
1365 2754 1539 2828 druyz‘
1585 2754 1861 2813 slobodno
1891 2753 2137 2826 pos'alju
2171 2753 2487 2825 poscanike
2531 2769 2573 2811 u
2617 2752 2861 2813 Mletke.

561 2855 744 2920 1348.
792 2855 892 2920 die
938 2854 1029 2919 IV
1074 2858 1341 2941 augusti,
1390 2859 1602 2941 capta:
1653 2857 1814 2939 quod
1855 2855 2283 2921 committatur
2315 2854 2725 2937 sapientibu3‚
2774 2855 2932 2937 quod
2964 2875 3060 2921 re-

335 2943 532 3009 deant
576 2945 653 3007 ad
691 2945 846 3008 istos
892 2946 1333 3023 ambaxatoreS,
1382 2948 1445 3009 et
1491 2946 1850 3027 procurent,
1914 2946 2145 3008 instent
2190 2945 2253 3008 et
2299 2943 2451 3008 deut
2497 2960 2742 3007 omnem
2788 2961 3056 3026 operam,

334 3033 500 3115 quod
545 3033 997 3109 contententur,
1047 3033 1203 3116 quod
1253 3032 1314 3097 in
1362 3035 1642 3117 treuguis
1688 3033 1951 3117 ponatur
1996 3050 2200 3097 comes
2250 3032 2479 3096 Paulus
2525 3049 2664 3095 cum
2711 3031 2879 3109 lociS‚
2940 3051 3054 3114 que

339 3123 550 3194 tenet;
601 3123 664 3183 et
710 3120 761 3183 si
811 3119 1079 3185 finaliter
1124 3125 1185 3185 et
1232 3121 1478 3186 omnino
1525 3123 1641 3186 hoc
1693 3122 1966 3185 obtinere
2011 3139 2132 3185 non
2175 3121 2425 3204 possent
2455 3119 2685 3198 taliter,
2729 3120 2887 3202 quod
2918 3138 3052 3184 am-

335 3207 508 3291 plius
550 3226 666 3272 non
715 3213 1032 3292 sperarent
1076 3228 1254 3292 posse
1301 3228 1403 3274 eos
1451 3210 1738 3275 reducere
1786 3208 1864 3274 ad
1924 3209 2325 3274 intentionem
2385 3210 2693 3287 nostram,
2742 3210 3060 3273 remaneat

339 3296 404 3360 in
450 3295 744 3361 libertate
792 3296 1045 3374 domini,
1094 3298 1599 3374 consiliariorum,
1664 3298 1937 3381 capitum
1984 3297 2058 3362 de
2108 3297 2237 3375 XL,
2286 3297 2654 3379 sapientium
2703 3298 2767 3361 et
2809 3297 3059 3363 maioris

336 3383 539 3467 partis
585 3384 943 3448 licentiandi
989 3403 1092 3449 eos
1138 3405 1276 3450 cum
1339 3385 1466 3450 illis
1529 3386 1732 3452 verbis
1794 3385 2330 3463 convenientibu3‚
2383 3404 2499 3467 que
2546 3384 2949 3464 videbuntur,
2995 3387 3057 3450 et

340 3472 432 3537 sic
471 3474 537 3536 et
584 3474 826 3555 quando
871 3474 959 3537 eis
1005 3473 1333 3539 videbitur.
1384 3474 1614 3539 Verum
1661 3476 1714 3539 si
1757 3475 1834 3538 ab
1877 3476 1964 3539 eis
2010 3474 2339 3538 haberetur
2384 3472 2551 3537 aliud
2598 3470 2673 3537 de
2718 3491 2909 3554 nove,
2956 3493 3061 3539 ve-

337 3560 549 3625 niatur
595 3562 671 3624 ad
715 3560 906 3625 istum
953 3560 1293 3638 consilium,
1341 3564 1403 3626 et
1445 3562 1572 3639 fiet,
1622 3563 1784 3627 sicut
1828 3562 2137 3627 videbitur
2184 3561 2422 3625 melius.

556 3647 785 3732 Capta:
834 3651 991 3732 quod
1037 3650 1102 3713 in
1149 3669 1334 3728 casu,
1382 3670 1499 3732 quo
1539 3651 1645 3715 isti
1708 3650 2134 3715 ambaxatores
2195 3649 2483 3714 recedant
2528 3649 2659 3713 sine
2707 3648 3050 3726 concordie,

339 3736 653 3808 dominus,
699 3737 1050 3816 consiliarii,
1098 3738 1300 3821 capita
1357 3743 1420 3803 et
1481 3740 1789 3823 sapientes
1855 3739 2126 3803 habeant
2187 3738 2541 3802 libertatem
2602 3757 2709 3821 per
2756 3738 3051 3802 maiorem

338 3826 588 3908 partem
632 3843 839 3889 eorum
891 3826 1195 3891 scribendi
1241 3827 1568 3891 comitibus
1629 3828 1857 3892 nostris
1902 3825 2184 3908 Tragurii
2231 3830 2295 3891 et
2337 3825 2608 3908 Spaleti‚
2657 3826 2761 3909 qui
2822 3825 3054 3889 habue-

337 3916 486 3978 runt
531 3931 641 3995 pre
687 3913 972 3977 manibus
1018 3914 1140 3978 ista
1184 3913 1349 3980 facta
1392 3916 1639 3980 comitis
1687 3914 1899 3993 Pauli,
1948 3913 2109 3997 quod
2168 3914 2285 3996 ipsi
2345 3933 2483 3978 cum
2546 3913 2775 3978 litteris
2823 3912 3051 3978 nostris

336 3998 728 4065 credulitatis
785 4001 1187 4083 personaliter
1247 4004 1376 4067 siut
1437 4023 1575 4068 cum
1638 4004 1864 4068 comite
1926 4003 2151 4081 Paulo,
2213 4001 2621 4067 notifficantes
2675 4002 2764 4078 ei,
2824 4003 2887 4065 in
2930 4019 3048 4083 quo

338 4092 571 4172 puncto
616 4089 1043 4165 remansimus,
1089 4090 1380 4156 videlicet
1422 4090 1498 4155 de
1542 4109 1663 4156 non
1701 4090 2122 4156 concordando
2173 4109 2278 4155 uos
2303 4090 2503 4155 solum
2545 4090 2857 4155 occasione
2897 4088 3048 4153 dicti

337 4177 608 4255 comitis,
658 4176 821 4260 quod
868 4178 1068 4242 totum
1128 4179 1386 4245 fecimus
1448 4179 1648 4244 solum
1709 4197 1820 4263 pro
1883 4179 2342 4245 conservatione
2404 4177 2600 4261 ipsius
2661 4182 2725 4242 et
2768 4178 3046 4243 locorum

333 4283 610 4343 suorum,
656 4263 992 4330 inducendo
1038 4286 1178 4331 eum
1224 4266 1303 4331 ad
1349 4268 1757 4332 constantiam
1804 4270 1866 4332 et
1911 4267 2296 4332 devotionem
2341 4268 2535 4331 nostri
2565 4265 2822 4330 dominii
2856 4284 3049 4349 quan-

335 4355 468 4416 tum
518 4354 828 4437 poterunt.
890 4352 1053 4418 Item
1119 4355 1561 4438 respondeatur
1605 4356 1820 4420 comiti
1865 4354 2061 4434 None,
2122 4355 2667 4420 recommendando
2728 4355 3050 4437 providen-

332 4440 492 4504 tiam
541 4459 720 4506 suam
767 4442 842 4506 de
888 4441 1030 4519 hiis,
1073 4463 1188 4526 que
1232 4442 1379 4508 fecit
1419 4463 1557 4508 cum
1604 4444 1831 4509 comite
1884 4443 2178 4527 Gregorio
2225 4443 2518 4509 Corbavie
2565 4446 2630 4508 et
2673 4443 2811 4507 aliis
2858 4443 3048 4508 comi-

335 4527 524 4607 tibus,
574 4530 638 4593 et
683 4530 842 4613 quod
889 4531 1165 4595 notificet
1209 4531 1317 4611 eis,
1366 4532 1523 4614 quod
1570 4533 1688 4615 ipsi
1733 4534 1991 4615 possunt
2028 4532 2104 4597 ad
2150 4549 2260 4596 nos
2312 4533 2558 4596 mittere
2601 4530 2851 4596 nuncios
2899 4548 3041 4595 suos

331 4616 410 4681 ad
456 4617 729 4700 plenum,
778 4618 921 4701 quia
966 4619 1165 4702 parati
1209 4619 1438 4684 erimus
1484 4639 1586 4686 eos
1629 4620 1839 4685 audire
1882 4621 1947 4684 et
1989 4619 2187 4686 facere
2235 4640 2339 4700 ea,
2390 4639 2504 4703 que
2550 4619 2885 4702 respiciant
2927 4618 3036 4683 ho·

331 4722 544 4772 norem
587 4707 653 4772 et
687 4708 1211 4773 conservationem
1249 4710 1527 4773 nostram
1573 4710 1638 4774 et
1684 4727 1877 4773 suam.

415 4795 576 4859 δεον.
617 4813 775 4859 emas.
808 4802 996 4875 royac.
1041 4798 1116 4857 B.
1152 4800 1254 4872 13,
1298 4817 1343 4861 u
1385 4800 1602 4861 arkivu
1634 4799 1991 4861 ndetackom.
