3620 5282
473 339 564 407 90

892 515 1174 598 CLVI·
1228 514 1435 597 God.
1490 514 1707 598 1367.
1761 517 1813 598 9
1868 514 2228 618 veljaiie,
2280 538 2337 597 u
2394 517 2782 600 Mletcih.

476 658 826 734 Gospodaru
861 660 1354 733 padovanskomu
1409 650 1762 738 domoljenm
1826 658 1906 719 da
1960 660 2211 733 oclpravi
2268 677 2314 721 u
2368 661 2514 736 Senj
2561 679 2646 736 po
2706 679 2876 721 moru
2938 661 3011 722 do
3073 664 3207 722 300

1324 747 1577 820 pjesaka
1619 763 1694 806 za
1738 748 2066 822 aqam-hro.
2114 748 2335 822 krah‘a.

690 864 877 930 1366.
921 865 1018 930 die
1057 865 1149 929 IX
1198 863 1509 929 februarii.
1561 865 1882 946 DominuS,
1931 866 2268 932 consiliarii
2316 867 2380 931 et
2424 868 2628 950 capita
2666 867 2741 933 de
2780 868 2910 932 XL.
2960 866 3199 951 Capta:

473 955 617 1037 quia
663 952 950 1018 dominus
998 951 1199 1017 Padue
1244 972 1351 1035 per
1395 970 1574 1017 suum
1622 957 1913 1020 nuncium
1963 954 2139 1019 nobis
2185 953 2334 1020 fecit
2377 956 2615 1037 exponi,
2666 955 2825 1039 quod
2865 956 2942 1021 ad
2993 957 3200 1039 requi·

474 1042 763 1106 sitionem
829 1041 1065 1106 domini
1127 1040 1291 1123 regis
1350 1040 1668 1123 Hungarie
1727 1042 2011 1123 proponit
2069 1042 2188 1106 sibi
2250 1042 2501 1108 mittere
2565 1041 2804 1125 pedites
2873 1042 3022 1108 CCC
3090 1062 3200 1125 per

473 1129 635 1193 viam
670 1127 913 1211 Segnie‚
968 1145 1210 1209 rogam,
1260 1128 1329 1191 ut
1356 1130 1594 1209 possint
1624 1130 1888 1193 transire
1913 1148 2053 1193 cum
2088 1130 2349 1213 navigiis
2381 1130 2608 1194 nostris
2640 1149 2831 1214 usque
2866 1130 3196 1213 Segniam;

473 1215 644 1283 vadit
709 1233 873 1297 pars,
938 1215 1092 1297 quod
1143 1216 1584 1296 respondeatur
1639 1217 1714 1295 ei,
1782 1217 1939 1298 quod
2006 1214 2287 1298 dispositi
2349 1218 2428 1282 ad
2488 1218 2607 1282 sibi
2666 1221 2864 1303 grata,
2915 1217 3196 1283 contenti

473 1322 687 1369 sumus
733 1302 790 1366 ei
837 1302 1218 1384 complacere
1266 1302 1480 1375 libere,
1530 1307 1601 1367 ut
1647 1305 1913 1368 transire
1958 1306 2196 1387 possint
2240 1325 2349 1387 per
2399 1324 2587 1387 aquas
2645 1307 2887 1370 nostras
2931 1307 3001 1371 et
3044 1324 3198 1371 nau-

470 1392 658 1456 lizare
705 1391 776 1453 de
824 1389 1048 1455 nostris
1096 1389 1359 1473 navigiis
1392 1409 1583 1473 usque
1625 1390 1916 1474 Segniam
1950 1391 2261 1457 occasione
2292 1393 2566 1475 predicta
2597 1395 2677 1458 ad
2707 1410 2852 1457 suas
2884 1410 3200 1477 expensas.

558 1498 737 1559 Misti
785 1498 1059 1558 XXXII
1095 1501 1198 1569 32,
1243 1517 1285 1558 u
1328 1499 1481 1559 mlet.
1529 1500 1763 1562 arkivu.

820 1704 1154 1786 (mvn.
1206 1704 1413 1787 eod.
1470 1704 1685 1788 1367.
1742 1703 1792 1787 5
1846 1706 2189 1807 0661161,
2247 1727 2305 1827 n
2359 1656 2857 1805 visegranu.

473 1849 760 1925 Iq'udevit
826 1847 1156 1925 uyarehrv.
1216 1848 1378 1918 kralq·
1433 1850 1892 1995 zahvah‘uy‘ealsc
1951 1848 2316 1908 Mletcanom
2375 1864 2451 1909 aa
2499 1848 2852 1922 poklom‘ene
2912 1864 3013 1907 mu
3068 1848 3202 1908 dvie

1729 1954 1769 2011 9
1833 1953 1932 2010 ve·

682 2059 1048 2141 Exemplum
1093 2060 1498 2141 quarumdam
1539 2058 1888 2122 litterarum
1922 2057 2253 2121 missarum
2285 2075 2392 2139 per
2429 2054 2746 2120 dominum
2781 2074 2988 2139 regem
3022 2056 3201 2121 Hun-

472 2146 642 2230 garie
667 2147 865 2212 ducali
892 2147 1161 2210 dominio
1186 2146 1606 2210 venetiarum.
1642 2146 1982 2210 Ludovicus
2007 2145 2103 2209 dei
2129 2145 2331 2227 gratia
2355 2163 2457 2208 rex
2479 2144 2817 2226 Hungarie.
2851 2145 3072 2208 Amice
3097 2162 3199 2208 ca-

477 2233 759 2300 rissime!
808 2233 1007 2315 Super
1054 2252 1142 2313 eo,
1191 2236 1349 2317 quod
1397 2234 1573 2298 nobis
1621 2235 1738 2297 duo
1784 2250 2035 2314 corpora
2082 2230 2399 2313 galearum
2446 2250 2585 2295 cum
2632 2232 2762 2296 suis
2811 2230 3082 2296 corrodis
3138 2231 3204 2295 et

474 2321 836 2404 opportunis
882 2322 1077 2386 armis
1124 2341 1231 2405 per
1277 2322 1521 2386 litteras
1569 2324 1807 2385 vest-ras
1868 2319 2211 2384 liberaliter
2271 2318 2603 2393 obtulistis
2669 2319 2942 2384 amicitie
2999 2321 3200 2384 vestre

473 2410 549 2473 ad
601 2409 979 2491 multiplices
1026 2408 1411 2491 assurgimus
1455 2411 1796 2493 gratiarum
1859 2407 2147 2485 actiones,
2210 2404 2465 2471 eandem
2534 2404 2692 2471 scire
2759 2405 3199 2481 desiderantes,

473 2496 638 2579 quod
682 2496 817 2578 ipsa
862 2498 1184 2579 galearum
1231 2514 1481 2578 corpora
1525 2495 1754 2561 debent
1798 2513 1932 2559 esse
1978 2494 2164 2577 longa
2210 2495 2435 2574 pariter
2483 2494 2548 2557 et
2586 2493 2731 2573 lata,
2804 2513 2913 2576 pro
2974 2493 3198 2576 quibus

472 2583 665 2649 etiam
711 2583 1024 2648 armandis
1069 2584 1132 2648 et
1176 2583 1581 2650 conducendis
1631 2584 1880 2648 nuutios
1929 2581 2169 2647 nostros
2216 2582 2294 2645 ad
2343 2581 2528 2645 vestri
2593 2581 2991 2664 presentiam,
3054 2600 3198 2646 cum

472 2674 546 2737 de
616 2669 765 2753 ipsis
840 2669 1234 2753 indigemus,
1306 2670 1830 2736 transmittemus.
1900 2670 2059 2734 Date
2102 2668 2453 2752 Wisegradi
2522 2668 2619 2734 die
2686 2671 2901 2753 quinto
2968 2668 3201 2734 mensis

472 2759 703 2828 martii,
774 2776 932 2823 anno
1002 2758 1256 2823 LXVII.
1326 2755 1398 2823 In
1467 2758 1981 2840 suprascriptione
2054 2758 2400 2821 continetur
2467 2757 2593 2820 sic:
2662 2757 2903 2823 Illustri
2948 2756 3197 2840 domino

469 2847 679 2911 Marco
727 2845 1017 2912 Cornario
1066 2846 1206 2912 duci
1258 2846 1674 2925 venetiarum,
1721 2845 1922 2911 amico
1968 2846 2176 2910 nostro
2223 2844 2565 2910 carissimo.

561 2952 1129 3017 Commemorialium
1187 2955 1273 3016 VI
1320 2951 1424 3029 74,
1465 2972 1508 3016 u
1551 2955 1706 3017 meet.
1756 2956 1990 3016 arkivu.

821 3160 1196 3243 CLvnl.
1251 3160 1455 3244 God.
1512 3161 1730 3245 1367.
1784 3162 1881 3244 13
1935 3160 2279 3262 6261116,
2333 3183 2390 3242 6
2444 3161 2835 3243 Mletcih.

682 3300 1107 3366 Committitur
1133 3301 1415 3367 Andreae
1446 3301 1640 3379 Gen0,
1686 3303 1849 3366 ituro
1896 3302 2215 3383 capitaneo
2262 3301 2425 3380 culfi,
2475 3302 2635 3383 quod
2681 3300 2742 3365 in
2792 3302 2891 3366 via
2939 3319 3050 3365 sua
3093 3300 3201 3364 (16-

476 3387 668 3452 clinet
707 3388 785 3451 ad
831 3390 1039 3469 partes
1085 3388 1379 3464 Valonae‚
1427 3390 1493 3453 et
1546 3390 1821 3472 requirat
1889 3389 1973 3453 ibi
2032 3388 2520 3454 satisfactionem
2583 3388 2656 3452 de
2718 3389 2957 3453 iniuriis
3017 3386 3198 3452 factis

474 3474 716 3541 civibus
785 3474 1041 3551 venetie,
1107 3477 1174 3540 et
1239 3476 1616 3558 punitionem
1687 3476 1761 3539 de
1821 3476 2272 3559 culpabilibus;
2342 3476 2407 3539 et
2464 3475 2515 3539 si
2577 3477 2699 3541 ista
2758 3476 3031 3540 obtinere
3078 3493 3198 3539 non

474 3565 705 3646 posset,
756 3561 902 3626 tunc
947 3562 1223 3645 assignet
1267 3563 1358 3627 eis
1403 3565 1742 3629 terminum
1781 3582 1891 3646 pro
1948 3563 2222 3627 emenda.
2289 3561 2353 3627 Si
2416 3564 2805 3627 emendatum
2868 3580 2982 3626 non
3045 3561 3201 3626 foret

471 3651 544 3715 ad
610 3649 844 3713 dictum
905 3649 1277 3725 terminum,
1340 3653 1488 3716 tunc
1549 3652 1904 3734 capitaneus
1966 3650 2343 3716 intromittat
2395 3650 2603 3714 omnia
2669 3649 2829 3714 bona
2890 3650 3197 3713 dictorum

474 3740 549 3803 de
591 3736 656 3799 la
702 3735 938 3801 Valona
985 3755 1175 3819 usque
1221 3737 1299 3802 ad
1345 3738 1655 3822 integram
1703 3739 2072 3805 solutionem
2120 3742 2185 3803 et
2231 3737 2717 3803 satisfactionem
2776 3735 2966 3801 etiam
3025 3735 3199 3799 dam·

476 3843 694 3891 norum
743 3825 807 3889 et
852 3842 1275 3906 expensarum.

561 3933 739 3993 Misti
790 3932 1066 3993 XXXII
1106 3935 1210 4005 35,
1256 3952 1298 3994 u
1343 3935 1498 3995 mlet.
1543 3935 1775 3994 arkivu.

884 4141 1165 4225 cmx.
1219 4139 1427 4223 God.
1484 4140 1699 4224 1367.
1751 4142 1803 4223 8
1854 4142 2227 4243 travnjau
2282 4162 2342 4221 ιι
2397 4137 2779 4221 Mletcih.

680 4280 833 4347 Cum
877 4281 1154 4347 Andreas
1200 4282 1555 4346 Lauredano
1601 4282 1726 4346 iam
1789 4280 1893 4347 diu
1960 4279 2260 4364 receperit
2322 4281 2614 4345 damnum
2676 4297 2714 4343 a
2775 4281 3039 4361 quodam
3100 4298 3202 4345 ca·

471 4367 736 4432 stellano
780 4370 1040 4433 Buduae
1083 4369 1432 4448 Poveresto‚
1498 4371 1561 4434 et
1623 4369 1856 4451 pluries
1922 4369 2221 4451 scriptum
2282 4367 2471 4432 fuerit
2530 4368 2802 4449 presenti
2867 4365 3204 4432 castellano

471 4456 535 4516 et
581 4453 822 4518 domino
868 4456 1122 4521 Buduae
1167 4455 1373 4533 Balso,
1426 4457 1496 4521 ut
1541 4455 1887 4521 satisfaciat
1932 4456 2129 4521 eidem
2182 4454 2300 4519 civi
2346 4455 2577 4533 nostre,
2628 4453 2786 4536 quod
2832 4454 2961 4535 ipse
3008 4455 3198 4519 etiam

472 4539 715 4620 saepius
761 4560 869 4622 per
912 4542 1153 4607 litteras
1200 4542 1399 4609 facere
1447 4542 1696 4621 obtulit,
1745 4546 1854 4610 sed
1901 4561 2211 4625 nunquam
2257 4541 2455 4607 facere
2526 4540 2798 4616 curavit;
2841 4541 2978 4606 ideo
3024 4542 3203 4625 capta

471 4626 593 4690 fuit
640 4643 804 4706 pars,
854 4629 1014 4709 quod
1061 4631 1487 4697 committatur
1534 4632 1857 4715 capitaneo
1886 4631 2029 4696 culfi
2065 4629 2346 4697 Andreae
2377 4630 2569 4708 Ceno,
2618 4630 2689 4693 ut
2719 4628 2958 4693 ordinet
2999 4627 3200 4693 eidem

473 4712 680 4791 Balso,
750 4713 910 4794 quod
959 4714 1119 4779 infra
1164 4720 1425 4798 quatuor
1469 4736 1712 4787 menses
1757 4719 1997 4804 integre
2067 4716 2415 4785 satisfaciat
2477 4717 2572 4785 illi
2627 4716 2849 4782 damno
2891 4715 3008 4801 (VI
3062 4733 3205 4783 cen·
