3620 5282
527 354 652 419 110

791 530 1246 614 CLXVIII.
1303 532 1485 615 (lod
1521 532 1750 616 1348.
1803 534 1893 616 17
1947 533 2379 635 prosinea,
2436 556 2496 617 u
2549 533 2953 618 Budimu.

522 659 808 732 Ljudevit
848 660 888 718 1
932 660 1487 733 uyarsko-hrvatski
1544 660 1705 733 torah·
1750 661 1953 735 Jasza
1995 646 2210 720 'ausdu
2253 662 2668 732 mletackomu,
2716 662 2796 721 αα
2839 679 2914 722 su
2957 680 3074 734 mu,
3120 663 3234 721 1⁵00

521 748 610 806 ἔίο
639 749 706 821 je
741 748 948 821 picem,
1011 747 1164 807 dos'li
1222 749 1451 823 njeqovi
1507 749 1832 822 poslanici,
1894 750 1976 808 da
2031 766 2063 807 s
2108 751 2281 822 m‘imi
2339 751 2464 824 nije
2507 768 2608 809 mu
2651 751 2885 826 moyus‘e
2932 751 3047 811 bilo
3081 753 3239 811 mira

1013 838 1321 911 uyovoriti,
1366 837 1451 897 ali
1491 837 1571 895 da
1611 837 1673 897 έε
1716 838 1906 897 uviete
1939 838 2229 912 primim'a
2273 842 2431 898 sveto
2475 839 2749 913 inpuniti.

727 972 1092 1058 Exemplum
1138 974 1492 1039 litterarum
1538 972 1773 1040 domini
1836 975 2000 1057 regis
2044 972 2372 1058 Hungarie
2431 975 2764 1040 missamm
2808 975 3053 1041 domiuo
3098 976 3239 1041 duci

517 1061 923 1127 veneciarum
969 1080 1077 1146 pro
1123 1063 1589 1128 confirmacione
1637 1064 2055 1146 treuguarum‚
2112 1080 2265 1145 quas
2322 1062 2566 1128 litteras
2598 1065 2994 1147 portaverunt
3024 1083 3236 1129 secum

520 1149 948 1216 ambaxatores
1000 1151 1194 1215 nostri
1238 1151 1412 1215 missi
1457 1150 1534 1215 ad
1581 1151 1785 1234 ipsum
1833 1152 2150 1215 dominum
2212 1167 2421 1233 regem
2485 1152 2545 1216 in
2611 1170 2822 1217 eorum
2868 1151 3236 1218 reversione.

517 1236 880 1304 Serenitatis
927 1241 1127 1303 vestre
1174 1239 1452 1304 amicicie
1496 1241 1744 1304 constat
1800 1239 2152 1318 evidenter,
2217 1238 2376 1321 quod
2425 1239 2752 1305 nosvobis
2810 1241 3239 1306 nunciavimus

526 1345 635 1410 per
679 1326 924 1392 litteras
970 1328 1230 1403 nostras,
1279 1330 1350 1392 ut
1395 1327 1739 1411 solempnes
1785 1327 2228 1392 ambasiatores
2262 1329 2499 1392 vestros
2540 1327 2616 1392 ad
2650 1328 3003 1393 habendum
3045 1328 3240 1393 collo-

523 1414 738 1497 quium
784 1433 904 1480 una
952 1415 1269 1480 nobiscum
1316 1415 1392 1479 de
1444 1434 1593 1498 pace
1638 1417 1953 1498 perpetua,
2001 1436 2118 1499 que
2165 1414 2576 1497 pendentibus
2608 1418 2888 1499 treuguis
2934 1418 3095 1481 iuter
3126 1435 3236 1481 nos

527 1501 794 1567 stabiliri
841 1505 1045 1586 posset
1089 1507 1153 1567 et
1194 1501 1446 1582 firmari,
1495 1503 1572 1568 ad
1618 1522 1730 1568 nos
1775 1504 2305 1579 transmitteretis,
2354 1522 2505 1585 quos
2554 1508 2758 1569 vestra
2803 1504 3104 1570 celsitudo
3152 1503 3230 1569 ad

525 1593 800 1655 nostram
848 1589 1181 1656 destinavit
1228 1591 1635 1657 maiestatem.
1704 1591 1952 1675 Nosque
1999 1592 2072 1656 de
2134 1590 2470 1656 intentione
2534 1595 2772 1671 vestra,
2821 1593 2892 1657 ut
2951 1592 3230 1676 predicta

524 1696 638 1761 pax
684 1680 988 1762 perputua
1031 1678 1193 1744 inter
1242 1697 1350 1744 nos
1395 1681 1603 1762 posset
1647 1678 1937 1758 stabiliri,
2002 1678 2251 1744 eosdem
2310 1679 2754 1745 ambasiatores
2815 1685 3055 1746 nostros
3102 1680 3232 1764 ple-

524 1765 693 1832 narie
739 1766 1065 1832 habuimus
1106 1766 1488 1846 informatoS‚
1542 1787 1657 1850 que
1701 1767 1988 1835 videlicet
2033 1786 2146 1850 pax
2190 1769 2488 1850 perpetua
2533 1767 2741 1832 adhuc
2774 1769 3029 1833 minime
3075 1769 3235 1833 iuter

527 1872 636 1919 nos
682 1855 884 1937 potuit
927 1853 1212 1921 ordinari.
1257 1856 1341 1919 Et
1382 1854 1548 1933 licet,
1613 1857 1684 1920 ut
1745 1855 2166 1939 premittitur,
2234 1854 2511 1938 predicta
2577 1875 2695 1940 pax
2738 1861 3034 1941 perpetua
3080 1875 3238 1922 nunc

522 1942 683 2008 iuter
731 1961 839 2009 nos
887 1943 1229 2027 nequiverit
1293 1943 1598 2021 ordinari,
1656 1946 1864 2010 tamen
1912 1946 2205 2027 treuguas
2274 1946 2435 2008 inter
2502 1962 2613 2009 nos
2674 1946 2984 2010 ordinatas
3046 1964 3236 2027 usque

523 2034 768 2114 tempus
818 2031 1175 2115 deputatum
1226 2030 1508 2096 volumus
1556 2032 1901 2097 observare.
1946 2031 2112 2096 Nam
2160 2031 2213 2095 si
2258 2031 2536 2114 predicta
2581 2051 2698 2115 pax
2734 2034 3031 2116 perpetua
3079 2032 3239 2096 inter

521 2137 632 2184 nos
678 2118 809 2184 fleri
858 2125 923 2185 et
967 2119 1232 2185 ordinari
1281 2121 1602 2203 potuisset,
1651 2139 1761 2185 nos
1803 2120 2026 2186 libenti
2072 2119 2279 2184 animo
2325 2119 2752 2186 voluissemus.
2803 2122 3028 2186 Datum
3065 2119 3237 2184 Bude

520 2206 759 2272 decimo
808 2208 1070 2291 septimo
1115 2207 1214 2272 die
1262 2209 1492 2273 mensis
1547 2207 1912 2274 decembris.
1982 2207 2320 2273 Lodovicus
2366 2207 2722 2293 Hungarie‚
2776 2208 3126 2274 Jerusalem
3170 2210 3237 2273 et

520 2292 733 2375 Sicilie
777 2315 902 2361 rex.

606 2386 940 2459 Paetorum,
995 2388 1058 2447 V.
1121 2388 1223 2458 94,
1254 2405 1297 2446 u
1339 2387 1678 2447 mletackom
1723 2387 1956 2447 arkivu.

889 2574 1272 2660 chlx.
1345 2574 1550 2660 sod.
1604 2575 1836 2660 1349.
1883 2577 1933 2661 3
1984 2574 2342 2681 sicema,
2393 2600 2454 2661 ιι
2501 2577 2891 2661 motem.

524 2703 750 2779 Kralju
793 2703 1098 2764 srbskomu
1142 2722 1203 2764 se
1246 2705 1517 2779 izkazua'e
1566 2705 1770 2763 radost
1814 2723 1898 2764 na
1941 2706 2180 2781 m'eyovo
2210 2705 2487 2779 uspjesno
2531 2705 2986 2779 napredovanje,
3033 2708 3087 2764 te
3131 2722 3230 2764 mu

523 2809 585 2853 se
619 2793 1029 2869 preporucuju
1062 2792 1400 2866 podloinici
1443 2812 1486 2852 u
1533 2792 1834 2865 Fetelejm
1882 2810 1922 2851 a
1964 2795 2154 2854 Ionem
2195 2795 2590 2854 zadarskomu
2632 2811 2694 2854 se
2733 2791 2960 2864 notaio,
2997 2793 3155 2854 nelca
3197 2811 3241 2853 u

966 2882 1263 2943 zahticvih
1297 2883 1485 2941 kneza
1532 2880 1773 2956 Gryura
1818 2882 2241 2958 Korbavskoya
2273 2901 2358 2957 po
2392 2900 2596 2956 pravu
2634 2882 2790 2942 sudi.

733 3000 962 3086 Capta:
1011 3001 1171 3085 quod
1212 3001 1515 3067 scribatur
1555 3001 1803 3067 domino
1847 3002 1981 3086 regi
2026 3002 2254 3081 Bazis,
2320 3002 2754 3089 congaudendo
2795 3002 2873 3068 de
2934 3001 3241 3086 prosperi-

522 3088 762 3154 tatibus
809 3091 960 3170 suis,
1007 3092 1069 3153 et
1115 3091 1661 3155 recommendando
1709 3091 1764 3156 ei
1800 3090 2005 3155 locum
2051 3098 2115 3155 et
2158 3090 2370 3156 fideles
2416 3095 2657 3158 nostros
2726 3091 2914 3156 castri
2962 3090 3241 3156 Phetelei

523 3179 589 3242 et
629 3176 753 3243 alia
796 3177 933 3243 loca
978 3180 1185 3243 nostra
1232 3181 1295 3242 et
1338 3176 1553 3243 fideles
1597 3197 1736 3243 cum
1785 3178 2008 3257 verbm,
2058 3198 2175 3261 que
2221 3181 2642 3245 convenientia
2683 3178 3073 3245 videbuntur.

734 3263 962 3349 Capta:
1014 3265 1174 3349 quod
1220 3266 1528 3331 scribatur
1573 3265 1785 3331 comiti
1832 3265 2055 3343 Jadre‚
2103 3266 2264 3349 quod
2327 3268 2541 3332 comiti
2588 3266 2882 3350 Gregorio
2942 3263 3240 3330 Corbavie

520 3351 623 3419 vel
666 3353 1164 3437 procuratoribus
1206 3354 1333 3419 suis
1380 3353 1572 3420 faciat
1616 3356 1680 3419 et
1724 3354 1858 3418 fieri
1894 3354 2086 3419 faciat
2130 3354 2279 3438 iuris
2324 3357 2389 3419 et
2432 3353 2675 3419 iusticie
2700 3351 3238 3435 complementum,-

522 3444 594 3506 ut
639 3441 950 3525 possidere
995 3440 1193 3524 possit
1235 3440 1449 3506 domos
1496 3445 1561 3507 et
1605 3443 1762 3507 alias
1807 3443 2240 3525 possessioneS‚
2288 3442 2406 3506 sibi
2454 3441 2530 3507 de
2577 3440 2708 3506 iure
2769 3442 3122 3523 spectantes
3168 3444 3235 3506 et

524 3529 907 3613 pertinentes
952 3529 1015 3594 in
1049 3529 1300 3596 civitate
1343 3529 1532 3595 Jadre
1579 3534 1643 3596 et
1686 3529 2010 3609 districtu,
2075 3530 2237 3595 sicut
2295 3530 2485 3596 etiam
2549 3528 2877 3594 consulunt
2922 3527 3235 3611 sapientes

384 3645 389 3656 ·
522 3616 862 3684 sclavonia.

614 3705 792 3770 Misce
839 3708 1081 3768 XXIV.
1129 3711 1274 3780 110,
1316 3728 1359 3769 u
1404 3710 1619 3770 arkivu
1661 3709 2016 3770 mletac‘kom.

888 3898 1221 3981 CLXX.
1295 3897 1500 3982 (3011.
1555 3899 1782 3982 1349.
1838 3899 1927 3981 17
1982 3895 2338 4000 531θό1118,
2389 3920 2450 3980 u
2502 3897 2896 3981 Mleteih.

943 4023 992 4085 Ο
1035 4026 1241 4100 razpri
1283 4026 1481 4100 medju
1524 4025 1818 4100 Rabbani
1862 4027 1886 4085 a·
1929 4026 2164 4086 1)αὲαηί
2205 4026 2347 4085 radi
2391 4026 2515 4087 sela
2555 4026 2823 4099 Novalje.

736 4146 925 4214 1348.
974 4147 1069 4212 die
1114 4146 1297 4213 XVII
1341 4147 1620 4228 ianuarii,
1669 4148 1883 4232 capta:
1933 4167 2073 4213 cum
2119 4146 2284 4213 inter
2312 4164 2634 4212 commune
2681 4149 2743 4212 et
2783 4146 3062 4212 homines
3109 4143 3231 4210 Ar-

522 4235 739 4301 benses
785 4254 859 4301 ex
904 4252 1025 4300 una
1071 4236 1248 4319 parte
1293 4238 1359 4301 et
1401 4255 1723 4303 commune
1759 4239 1825 4302 et
1869 4236 2148 4302 homines
2196 4235 2349 4318 Pagi
2394 4253 2465 4299 ex
2511 4234 2706 4301 altera
2736 4235 2863 4300 iam
2896 4234 3001 4300 diu
3048 4234 3236 4300 fuerit

524 4322 878 4389 diffecencia
923 4324 988 4388 et
1032 4323 1447 4390 controversia
1491 4326 1810 4390 occaxione
1858 4323 2179 4390 cuiusdam
2224 4323 2371 4389 ville
2413 4325 2626 4390 vocate
2668 4321 2948 4401 Novana,
2996 4321 3116 4388 site
3161 4323 3239 4389 ab

525 4428 647 4476 uno
698 4410 897 4494 capite
947 4411 1145 4477 insule
1192 4412 1367 4495 Pagi,
1417 4414 1480 4478 et
1525 4431 1685 4478 nunc
1725 4414 1798 4478 de
1846 4431 1998 4478 novo
2043 4412 2342 4490 videatur,
2391 4410 2550 4494 qnod
2597 4410 2763 4476 dicte
2806 4415 3018 4495 partes
3062 4413 3237 4476 actu-

523 4497 708 4564 aliter
762 4517 828 4564 se
895 4498 1276 4564 offenderunt
1334 4503 1396 4564 et
1458 4499 2052 4584 dampnificaverunt
2113 4499 2434 4566 occaxione
2512 4499 2793 4584 predicta
2843 4500 2909 4564 in
2975 4500 3240 4578 tantum,

524 4586 680 4671 quod
726 4586 1058 4652 homicidia
1104 4587 1170 4652 et
1213 4587 1574 4653 offensiones
1620 4590 2112 4664 intervenerunt3
2177 4588 2243 4653 et
2287 4588 2500 4652 nostra
2547 4587 2793 4653 intersit
2837 4604 3016 4652 omne
3058 4603 3237 4650 scau-

526 4673 734 4740 dalum
782 4675 941 4740 inter
987 4673 1268 4740 subditos
1315 4693 1631 4740 amovere:
1694 4677 1868 4742 vadit
1910 4695 2088 4759 pars,
2136 4676 2296 4758 quod
2358 4675 2662 4741 scribatur
2706 4674 2921 4740 comiti
2964 4676 3030 4740 et
3071 4691 3237 4739 com·

524 4763 694 4829 muni
740 4762 900 4848 Pagi
958 4764 1023 4829 et
1066 4762 1279 4829 comiti
1338 4764 1403 4828 et
1447 4764 1757 4830 communi
1808 4764 1999 4845 Arbi,
2046 4763 2208 4846 quod
2272 4762 2351 4829 ab
2414 4763 2581 4829 omni
2643 4762 2913 4830 novitate
2970 4761 3238 4828 debeant
