<?xml version="1.0" encoding="UTF-8"?>
<!DOCTYPE html PUBLIC "-//W3C//DTD XHTML 1.0 Transitional//EN"
    "http://www.w3.org/TR/xhtml1/DTD/xhtml1-transitional.dtd">
<html xmlns="http://www.w3.org/1999/xhtml" xml:lang="en" lang="en">
 <head>
  <title>
</title>
<meta http-equiv="Content-Type" content="text/html;charset=utf-8" />
  <meta name='ocr-system' content='tesseract 3.04.00' />
  <meta name='ocr-capabilities' content='ocr_page ocr_carea ocr_par ocr_line ocrx_word'/>
</head>
<body>
  <div class='ocr_page' id='page_1' title='image "./monumentaspecta02umjegoog_0053.png"; bbox 0 0 3620 5282; ppageno 0'>
   <div class='ocr_carea' id='block_1_1' title="bbox 3092 341 3126 403">
    <p class='ocr_par' dir='ltr' id='par_1_1' title="bbox 3092 341 3126 403">
     <span class='ocr_line' id='line_1_1' title="bbox 3092 341 3126 403; baseline 0 0"><span class='ocrx_word' id='word_1_1' title='bbox 3092 341 3126 403; x_wconf 83' lang='lat'>7</span> 
     </span>
    </p>
   </div>
   <div class='ocr_carea' id='block_1_2' title="bbox 404 512 3131 2976">
    <p class='ocr_par' dir='ltr' id='par_1_2' title="bbox 404 512 3131 2976">
     <span class='ocr_line' id='line_1_2' title="bbox 415 512 3126 603; baseline 0.001 -25"><span class='ocrx_word' id='word_1_2' title='bbox 415 512 751 580; x_wconf 88' lang='lat' dir='ltr'>Selmenici</span> <span class='ocrx_word' id='word_1_3' title='bbox 799 521 971 584; x_wconf 88' lang='lat' dir='ltr'>nobis</span> <span class='ocrx_word' id='word_1_4' title='bbox 1018 519 1360 602; x_wconf 77' lang='lat' dir='ltr'>descripsit,</span> <span class='ocrx_word' id='word_1_5' title='bbox 1408 518 1483 583; x_wconf 89' lang='lat' dir='ltr'>ad</span> <span class='ocrx_word' id='word_1_6' title='bbox 1531 538 1684 603; x_wconf 87' lang='lat' dir='ltr'>quas</span> <span class='ocrx_word' id='word_1_7' title='bbox 1731 517 2168 602; x_wconf 82' lang='lat' dir='ltr'><strong>respondemus</strong></span> <span class='ocrx_word' id='word_1_8' title='bbox 2214 517 2292 597; x_wconf 88' lang='lat' dir='ltr'>ei,</span> <span class='ocrx_word' id='word_1_9' title='bbox 2338 517 2497 601; x_wconf 93' lang='lat' dir='ltr'>quod</span> <span class='ocrx_word' id='word_1_10' title='bbox 2556 520 2839 601; x_wconf 88' lang='lat' dir='ltr'>optantes</span> <span class='ocrx_word' id='word_1_11' title='bbox 2886 536 3126 583; x_wconf 89' lang='lat' dir='ltr'>conser-</span> 
     </span>
     <span class='ocr_line' id='line_1_3' title="bbox 418 605 3129 690; baseline 0.001 -24"><span class='ocrx_word' id='word_1_12' title='bbox 418 605 730 668; x_wconf 80' lang='lat' dir='ltr'>vationem</span> <span class='ocrx_word' id='word_1_13' title='bbox 781 607 844 670; x_wconf 90' lang='lat' dir='ltr'>et</span> <span class='ocrx_word' id='word_1_14' title='bbox 888 607 1147 672; x_wconf 89' lang='lat' dir='ltr'>tutelam</span> <span class='ocrx_word' id='word_1_15' title='bbox 1190 607 1514 672; x_wconf 87' lang='lat' dir='ltr'>districtus</span> <span class='ocrx_word' id='word_1_16' title='bbox 1558 608 1748 673; x_wconf 84' lang='lat' dir='ltr'>Jadre</span> <span class='ocrx_word' id='word_1_17' title='bbox 1793 626 1902 690; x_wconf 89' lang='lat' dir='ltr'>pro</span> <span class='ocrx_word' id='word_1_18' title='bbox 1947 607 2222 672; x_wconf 88' lang='lat' dir='ltr'>utilitate</span> <span class='ocrx_word' id='word_1_19' title='bbox 2268 609 2333 672; x_wconf 89' lang='lat' dir='ltr'>et</span> <span class='ocrx_word' id='word_1_20' title='bbox 2375 606 2629 671; x_wconf 91' lang='lat' dir='ltr'>comodo</span> <span class='ocrx_word' id='word_1_21' title='bbox 2675 606 3034 671; x_wconf 77' lang='lat' dir='ltr'>habentium</span> <span class='ocrx_word' id='word_1_22' title='bbox 3067 609 3129 670; x_wconf 90' lang='lat' dir='ltr'>et</span> 
     </span>
     <span class='ocr_line' id='line_1_4' title="bbox 417 692 3126 774; baseline 0.001 -19"><span class='ocrx_word' id='word_1_23' title='bbox 417 692 870 774; x_wconf 81' lang='lat' dir='ltr'>possidentium</span> <span class='ocrx_word' id='word_1_24' title='bbox 914 696 1290 760; x_wconf 72' lang='lat' dir='ltr'>territorium</span> <span class='ocrx_word' id='word_1_25' title='bbox 1340 696 1403 760; x_wconf 91' lang='lat' dir='ltr'>in</span> <span class='ocrx_word' id='word_1_26' title='bbox 1450 699 1671 773; x_wconf 73' lang='lat' dir='ltr'>stema,</span> <span class='ocrx_word' id='word_1_27' title='bbox 1721 696 1951 760; x_wconf 89' lang='lat' dir='ltr'>dudum</span> <span class='ocrx_word' id='word_1_28' title='bbox 1989 695 2460 760; x_wconf 81' lang='lat' dir='ltr'>deliberavimus</span> <span class='ocrx_word' id='word_1_29' title='bbox 2489 697 2553 760; x_wconf 91' lang='lat' dir='ltr'>et</span> <span class='ocrx_word' id='word_1_30' title='bbox 2579 695 2847 759; x_wconf 88' lang='lat' dir='ltr'>contenti</span> <span class='ocrx_word' id='word_1_31' title='bbox 2879 694 3126 769; x_wconf 84' lang='lat' dir='ltr'>fuimus,</span> 
     </span>
     <span class='ocr_line' id='line_1_5' title="bbox 418 781 3126 867; baseline 0.001 -25"><span class='ocrx_word' id='word_1_32' title='bbox 418 781 577 861; x_wconf 90' lang='lat' dir='ltr'>quod</span> <span class='ocrx_word' id='word_1_33' title='bbox 626 783 998 864; x_wconf 82' lang='lat' dir='ltr'>reperiretur</span> <span class='ocrx_word' id='word_1_34' title='bbox 1042 802 1315 866; x_wconf 83' lang='lat' dir='ltr'>persona,</span> <span class='ocrx_word' id='word_1_35' title='bbox 1366 804 1481 867; x_wconf 92' lang='lat' dir='ltr'>que</span> <span class='ocrx_word' id='word_1_36' title='bbox 1546 783 1711 849; x_wconf 84' lang='lat' dir='ltr'>velet</span> <span class='ocrx_word' id='word_1_37' title='bbox 1773 787 1979 848; x_wconf 86' lang='lat' dir='ltr'>tenere</span> <span class='ocrx_word' id='word_1_38' title='bbox 2036 783 2114 847; x_wconf 87' lang='lat' dir='ltr'>ad</span> <span class='ocrx_word' id='word_1_39' title='bbox 2177 783 2520 848; x_wconf 84' lang='lat' dir='ltr'>custodiam</span> <span class='ocrx_word' id='word_1_40' title='bbox 2567 783 2887 848; x_wconf 89' lang='lat' dir='ltr'>districtus</span> <span class='ocrx_word' id='word_1_41' title='bbox 2936 781 3126 848; x_wconf 87' lang='lat' dir='ltr'>Jadre</span> 
     </span>
     <span class='ocr_line' id='line_1_6' title="bbox 418 867 3131 953; baseline 0.001 -23"><span class='ocrx_word' id='word_1_42' title='bbox 418 867 605 931; x_wconf 88' lang='lat' dir='ltr'>XXX</span> <span class='ocrx_word' id='word_1_43' title='bbox 650 870 889 951; x_wconf 86' lang='lat' dir='ltr'>equites</span> <span class='ocrx_word' id='word_1_44' title='bbox 934 872 1032 936; x_wconf 80' lang='lat' dir='ltr'>vel</span> <span class='ocrx_word' id='word_1_45' title='bbox 1080 869 1300 937; x_wconf 88' lang='lat' dir='ltr'>saltem</span> <span class='ocrx_word' id='word_1_46' title='bbox 1348 871 1546 951; x_wconf 85' lang='lat' dir='ltr'>XXV,</span> <span class='ocrx_word' id='word_1_47' title='bbox 1594 872 1789 936; x_wconf 90' lang='lat' dir='ltr'>dando</span> <span class='ocrx_word' id='word_1_48' title='bbox 1835 872 1953 935; x_wconf 89' lang='lat' dir='ltr'>sibi</span> <span class='ocrx_word' id='word_1_49' title='bbox 1992 871 2055 935; x_wconf 92' lang='lat' dir='ltr'>in</span> <span class='ocrx_word' id='word_1_50' title='bbox 2106 871 2423 936; x_wconf 84' lang='lat' dir='ltr'>usufructu</span> <span class='ocrx_word' id='word_1_51' title='bbox 2480 874 2678 935; x_wconf 85' lang='lat' dir='ltr'>terras</span> <span class='ocrx_word' id='word_1_52' title='bbox 2725 873 2787 934; x_wconf 89' lang='lat' dir='ltr'>et</span> <span class='ocrx_word' id='word_1_53' title='bbox 2832 869 3131 953; x_wconf 87' lang='lat' dir='ltr'>possessi-</span> 
     </span>
     <span class='ocr_line' id='line_1_7' title="bbox 417 957 3131 1044; baseline 0.001 -24"><span class='ocrx_word' id='word_1_54' title='bbox 417 974 568 1020; x_wconf 86' lang='lat' dir='ltr'>ones</span> <span class='ocrx_word' id='word_1_55' title='bbox 618 957 966 1036; x_wconf 88' lang='lat' dir='ltr'>Selmenici‚</span> <span class='ocrx_word' id='word_1_56' title='bbox 1016 979 1132 1042; x_wconf 90' lang='lat' dir='ltr'>que</span> <span class='ocrx_word' id='word_1_57' title='bbox 1178 963 1320 1024; x_wconf 89' lang='lat' dir='ltr'>ante</span> <span class='ocrx_word' id='word_1_58' title='bbox 1367 979 1654 1044; x_wconf 81' lang='lat' dir='ltr'>guerram</span> <span class='ocrx_word' id='word_1_59' title='bbox 1700 959 2004 1024; x_wconf 84' lang='lat' dir='ltr'>dabantur</span> <span class='ocrx_word' id='word_1_60' title='bbox 2050 960 2360 1023; x_wconf 84' lang='lat' dir='ltr'>occasione</span> <span class='ocrx_word' id='word_1_61' title='bbox 2412 958 2576 1024; x_wconf 90' lang='lat' dir='ltr'>dicte</span> <span class='ocrx_word' id='word_1_62' title='bbox 2627 959 2902 1024; x_wconf 83' lang='lat' dir='ltr'>custodie</span> <span class='ocrx_word' id='word_1_63' title='bbox 2946 959 3021 1022; x_wconf 86' lang='lat' dir='ltr'>ad</span> <span class='ocrx_word' id='word_1_64' title='bbox 3071 958 3131 1022; x_wconf 91' lang='lat' dir='ltr'>X</span> 
     </span>
     <span class='ocr_line' id='line_1_8' title="bbox 418 1045 3130 1131; baseline 0.001 -25"><span class='ocrx_word' id='word_1_65' title='bbox 418 1062 631 1121; x_wconf 73' lang='grc'>3111103,</span> <span class='ocrx_word' id='word_1_66' title='bbox 672 1048 736 1109; x_wconf 92' lang='lat' dir='ltr'>et</span> <span class='ocrx_word' id='word_1_67' title='bbox 780 1049 1113 1112; x_wconf 88' lang='lat' dir='ltr'>mutuando</span> <span class='ocrx_word' id='word_1_68' title='bbox 1159 1049 1278 1113; x_wconf 88' lang='lat' dir='ltr'>sibi</span> <span class='ocrx_word' id='word_1_69' title='bbox 1323 1068 1433 1131; x_wconf 91' lang='lat' dir='ltr'>pro</span> <span class='ocrx_word' id='word_1_70' title='bbox 1476 1048 1847 1113; x_wconf 86' lang='lat' dir='ltr'>furnimento</span> <span class='ocrx_word' id='word_1_71' title='bbox 1907 1050 2037 1112; x_wconf 89' lang='lat' dir='ltr'>eius</span> <span class='ocrx_word' id='word_1_72' title='bbox 2083 1051 2147 1112; x_wconf 91' lang='lat' dir='ltr'>et</span> <span class='ocrx_word' id='word_1_73' title='bbox 2191 1049 2491 1112; x_wconf 88' lang='lat' dir='ltr'>sociorum</span> <span class='ocrx_word' id='word_1_74' title='bbox 2557 1047 2809 1111; x_wconf 90' lang='lat' dir='ltr'>ducatos</span> <span class='ocrx_word' id='word_1_75' title='bbox 2855 1048 2987 1111; x_wconf 90' lang='lat' dir='ltr'>auri</span> <span class='ocrx_word' id='word_1_76' title='bbox 3043 1045 3130 1111; x_wconf 90' lang='lat' dir='ltr'>VI</span> 
     </span>
     <span class='ocr_line' id='line_1_9' title="bbox 416 1134 3130 1219; baseline 0.001 -25"><span class='ocrx_word' id='word_1_77' title='bbox 416 1135 666 1196; x_wconf 90' lang='lat' dir='ltr'>centum</span> <span class='ocrx_word' id='word_1_78' title='bbox 714 1134 790 1197; x_wconf 91' lang='lat' dir='ltr'>ad</span> <span class='ocrx_word' id='word_1_79' title='bbox 830 1137 1075 1219; x_wconf 89' lang='lat' dir='ltr'>tempus</span> <span class='ocrx_word' id='word_1_80' title='bbox 1120 1137 1461 1218; x_wconf 90' lang='lat' dir='ltr'>predictum</span> <span class='ocrx_word' id='word_1_81' title='bbox 1502 1136 1796 1214; x_wconf 82' lang='lat' dir='ltr'>decennii,</span> <span class='ocrx_word' id='word_1_82' title='bbox 1847 1136 2122 1200; x_wconf 90' lang='lat' dir='ltr'>habendo</span> <span class='ocrx_word' id='word_1_83' title='bbox 2168 1136 2471 1219; x_wconf 84' lang='lat' dir='ltr'>ydoneam</span> <span class='ocrx_word' id='word_1_84' title='bbox 2533 1135 2868 1218; x_wconf 88' lang='lat' dir='ltr'>plezariam</span> <span class='ocrx_word' id='word_1_85' title='bbox 2915 1136 2988 1199; x_wconf 91' lang='lat' dir='ltr'>de</span> <span class='ocrx_word' id='word_1_86' title='bbox 3034 1155 3130 1199; x_wconf 90' lang='lat' dir='ltr'>re-</span> 
     </span>
     <span class='ocr_line' id='line_1_10' title="bbox 418 1220 3130 1307; baseline 0.001 -24"><span class='ocrx_word' id='word_1_87' title='bbox 418 1220 730 1285; x_wconf 88' lang='lat' dir='ltr'>stituendo</span> <span class='ocrx_word' id='word_1_88' title='bbox 775 1221 1007 1288; x_wconf 91' lang='lat' dir='ltr'>dictam</span> <span class='ocrx_word' id='word_1_89' title='bbox 1050 1224 1419 1306; x_wconf 85' lang='lat' dir='ltr'>pecuniam;</span> <span class='ocrx_word' id='word_1_90' title='bbox 1462 1226 1526 1290; x_wconf 89' lang='lat' dir='ltr'>et</span> <span class='ocrx_word' id='word_1_91' title='bbox 1569 1225 1818 1307; x_wconf 86' lang='lat' dir='ltr'>insuper</span> <span class='ocrx_word' id='word_1_92' title='bbox 1857 1225 2051 1288; x_wconf 90' lang='lat' dir='ltr'>dando</span> <span class='ocrx_word' id='word_1_93' title='bbox 2097 1223 2214 1287; x_wconf 93' lang='lat' dir='ltr'>sibi</span> <span class='ocrx_word' id='word_1_94' title='bbox 2263 1224 2555 1288; x_wconf 90' lang='lat' dir='ltr'>ducatum</span> <span class='ocrx_word' id='word_1_95' title='bbox 2604 1242 2794 1288; x_wconf 92' lang='lat' dir='ltr'>unum</span> <span class='ocrx_word' id='word_1_96' title='bbox 2839 1241 2948 1306; x_wconf 90' lang='lat' dir='ltr'>pro</span> <span class='ocrx_word' id='word_1_97' title='bbox 2981 1241 3130 1306; x_wconf 86' lang='lat' dir='ltr'>qua-</span> 
     </span>
     <span class='ocr_line' id='line_1_11' title="bbox 416 1307 3130 1394; baseline 0.002 -24"><span class='ocrx_word' id='word_1_98' title='bbox 416 1307 574 1372; x_wconf 87' lang='lat' dir='ltr'>libet</span> <span class='ocrx_word' id='word_1_99' title='bbox 620 1314 799 1391; x_wconf 87' lang='lat' dir='ltr'>porta</span> <span class='ocrx_word' id='word_1_100' title='bbox 847 1330 1039 1393; x_wconf 88' lang='lat' dir='ltr'>usque</span> <span class='ocrx_word' id='word_1_101' title='bbox 1085 1312 1163 1376; x_wconf 90' lang='lat' dir='ltr'>ad</span> <span class='ocrx_word' id='word_1_102' title='bbox 1211 1313 1505 1377; x_wconf 85' lang='lat' dir='ltr'>kalendas</span> <span class='ocrx_word' id='word_1_103' title='bbox 1553 1313 1782 1377; x_wconf 88' lang='lat' dir='ltr'>mensis</span> <span class='ocrx_word' id='word_1_104' title='bbox 1829 1313 2044 1376; x_wconf 89' lang='lat' dir='ltr'>marcii</span> <span class='ocrx_word' id='word_1_105' title='bbox 2091 1310 2363 1394; x_wconf 84' lang='lat' dir='ltr'>proxime</span> <span class='ocrx_word' id='word_1_106' title='bbox 2409 1312 2695 1388; x_wconf 88' lang='lat' dir='ltr'>secuturi,</span> <span class='ocrx_word' id='word_1_107' title='bbox 2745 1312 2928 1393; x_wconf 90' lang='lat' dir='ltr'>prout</span> <span class='ocrx_word' id='word_1_108' title='bbox 2964 1309 3130 1375; x_wconf 87' lang='lat' dir='ltr'>dicto</span> 
     </span>
     <span class='ocr_line' id='line_1_12' title="bbox 422 1397 3128 1483; baseline 0.001 -24"><span class='ocrx_word' id='word_1_109' title='bbox 422 1397 637 1461; x_wconf 90' lang='lat' dir='ltr'>comiti</span> <span class='ocrx_word' id='word_1_110' title='bbox 697 1399 1057 1482; x_wconf 88' lang='lat' dir='ltr'>scripsimus</span> <span class='ocrx_word' id='word_1_111' title='bbox 1119 1420 1226 1483; x_wconf 92' lang='lat' dir='ltr'>per</span> <span class='ocrx_word' id='word_1_112' title='bbox 1293 1400 1451 1466; x_wconf 87' lang='lat' dir='ltr'>alias</span> <span class='ocrx_word' id='word_1_113' title='bbox 1510 1403 1754 1465; x_wconf 88' lang='lat' dir='ltr'>nostras</span> <span class='ocrx_word' id='word_1_114' title='bbox 1824 1401 2063 1465; x_wconf 88' lang='lat' dir='ltr'>litteras</span> <span class='ocrx_word' id='word_1_115' title='bbox 2122 1399 2417 1464; x_wconf 88' lang='lat' dir='ltr'>ordinate.</span> <span class='ocrx_word' id='word_1_116' title='bbox 2492 1400 2720 1463; x_wconf 89' lang='lat' dir='ltr'>Verum</span> <span class='ocrx_word' id='word_1_117' title='bbox 2758 1418 2900 1464; x_wconf 91' lang='lat' dir='ltr'>cum</span> <span class='ocrx_word' id='word_1_118' title='bbox 2943 1399 3128 1477; x_wconf 80' lang='lat' dir='ltr'>dicat,</span> 
     </span>
     <span class='ocr_line' id='line_1_13' title="bbox 419 1484 3130 1570; baseline 0.001 -23"><span class='ocrx_word' id='word_1_119' title='bbox 419 1484 585 1565; x_wconf 88' lang='lat' dir='ltr'>quod</span> <span class='ocrx_word' id='word_1_120' title='bbox 624 1485 734 1549; x_wconf 91' lang='lat' dir='ltr'>ille</span> <span class='ocrx_word' id='word_1_121' title='bbox 782 1487 1105 1552; x_wconf 86' lang='lat' dir='ltr'>Bertucius</span> <span class='ocrx_word' id='word_1_122' title='bbox 1152 1489 1226 1553; x_wconf 91' lang='lat' dir='ltr'>de</span> <span class='ocrx_word' id='word_1_123' title='bbox 1280 1490 1392 1554; x_wconf 90' lang='lat' dir='ltr'>cha</span> <span class='ocrx_word' id='word_1_124' title='bbox 1437 1489 1511 1553; x_wconf 92' lang='lat' dir='ltr'>de</span> <span class='ocrx_word' id='word_1_125' title='bbox 1557 1487 1770 1566; x_wconf 74' lang='lat' dir='ltr'>sadra,</span> <span class='ocrx_word' id='word_1_126' title='bbox 1820 1488 1971 1553; x_wconf 86' lang='lat' dir='ltr'>civis</span> <span class='ocrx_word' id='word_1_127' title='bbox 2018 1491 2259 1565; x_wconf 83' lang='lat' dir='ltr'>noster,</span> <span class='ocrx_word' id='word_1_128' title='bbox 2322 1489 2424 1570; x_wconf 90' lang='lat' dir='ltr'>qui</span> <span class='ocrx_word' id='word_1_129' title='bbox 2472 1488 2624 1553; x_wconf 88' lang='lat' dir='ltr'>alias</span> <span class='ocrx_word' id='word_1_130' title='bbox 2671 1506 2734 1551; x_wconf 88' lang='lat' dir='ltr'>se</span> <span class='ocrx_word' id='word_1_131' title='bbox 2779 1487 3006 1552; x_wconf 89' lang='lat' dir='ltr'>obtulit</span> <span class='ocrx_word' id='word_1_132' title='bbox 3051 1488 3130 1551; x_wconf 90' lang='lat' dir='ltr'>ad</span> 
     </span>
     <span class='ocr_line' id='line_1_14' title="bbox 413 1574 3125 1660; baseline 0.001 -25"><span class='ocrx_word' id='word_1_133' title='bbox 413 1574 758 1653; x_wconf 84' lang='lat' dir='ltr'>premissa,</span> <span class='ocrx_word' id='word_1_134' title='bbox 815 1594 972 1641; x_wconf 89' lang='lat' dir='ltr'>nunc</span> <span class='ocrx_word' id='word_1_135' title='bbox 1018 1577 1243 1641; x_wconf 87' lang='lat' dir='ltr'>asserit</span> <span class='ocrx_word' id='word_1_136' title='bbox 1304 1576 1460 1641; x_wconf 89' lang='lat' dir='ltr'>velle</span> <span class='ocrx_word' id='word_1_137' title='bbox 1508 1596 1700 1660; x_wconf 88' lang='lat' dir='ltr'>usque</span> <span class='ocrx_word' id='word_1_138' title='bbox 1751 1579 1828 1642; x_wconf 90' lang='lat' dir='ltr'>ad</span> <span class='ocrx_word' id='word_1_139' title='bbox 1886 1594 2161 1641; x_wconf 88' lang='lat' dir='ltr'>mensem</span> <span class='ocrx_word' id='word_1_140' title='bbox 2207 1576 2420 1640; x_wconf 89' lang='lat' dir='ltr'>marcii</span> <span class='ocrx_word' id='word_1_141' title='bbox 2464 1594 2572 1658; x_wconf 89' lang='lat' dir='ltr'>pro</span> <span class='ocrx_word' id='word_1_142' title='bbox 2622 1575 2898 1657; x_wconf 89' lang='lat' dir='ltr'>qualibet</span> <span class='ocrx_word' id='word_1_143' title='bbox 2943 1577 3125 1658; x_wconf 87' lang='lat' dir='ltr'>porta</span> 
     </span>
     <span class='ocr_line' id='line_1_15' title="bbox 414 1659 3125 1746; baseline 0.001 -24"><span class='ocrx_word' id='word_1_144' title='bbox 414 1659 672 1725; x_wconf 87' lang='lat' dir='ltr'>ducatos</span> <span class='ocrx_word' id='word_1_145' title='bbox 715 1662 978 1746; x_wconf 86' lang='lat' dir='ltr'>quinque</span> <span class='ocrx_word' id='word_1_146' title='bbox 1023 1665 1156 1728; x_wconf 89' lang='lat' dir='ltr'>auri</span> <span class='ocrx_word' id='word_1_147' title='bbox 1218 1683 1355 1728; x_wconf 92' lang='lat' dir='ltr'>cum</span> <span class='ocrx_word' id='word_1_148' title='bbox 1403 1664 1544 1729; x_wconf 86' lang='lat' dir='ltr'>aliis</span> <span class='ocrx_word' id='word_1_149' title='bbox 1591 1664 2043 1730; x_wconf 87' lang='lat' dir='ltr'>conditionibus</span> <span class='ocrx_word' id='word_1_150' title='bbox 2104 1664 2505 1746; x_wconf 81' lang='lat' dir='ltr'>supradictis,</span> <span class='ocrx_word' id='word_1_151' title='bbox 2563 1664 2923 1727; x_wconf 90' lang='lat' dir='ltr'>denotamus</span> <span class='ocrx_word' id='word_1_152' title='bbox 2985 1663 3125 1742; x_wconf 88' lang='lat' dir='ltr'>sibi,</span> 
     </span>
     <span class='ocr_line' id='line_1_16' title="bbox 414 1747 3123 1836; baseline 0.001 -25"><span class='ocrx_word' id='word_1_153' title='bbox 414 1747 576 1828; x_wconf 90' lang='lat' dir='ltr'>quod</span> <span class='ocrx_word' id='word_1_154' title='bbox 622 1768 738 1814; x_wconf 87' lang='lat' dir='ltr'>non</span> <span class='ocrx_word' id='word_1_155' title='bbox 788 1755 884 1815; x_wconf 89' lang='lat' dir='ltr'>est</span> <span class='ocrx_word' id='word_1_156' title='bbox 927 1755 1134 1816; x_wconf 85' lang='lat' dir='ltr'>nostre</span> <span class='ocrx_word' id='word_1_157' title='bbox 1180 1753 1538 1817; x_wconf 89' lang='lat' dir='ltr'>intentionis</span> <span class='ocrx_word' id='word_1_158' title='bbox 1594 1771 1848 1836; x_wconf 81' lang='lat' dir='ltr'>gravare</span> <span class='ocrx_word' id='word_1_159' title='bbox 1906 1754 2182 1817; x_wconf 90' lang='lat' dir='ltr'>nostrum</span> <span class='ocrx_word' id='word_1_160' title='bbox 2243 1770 2563 1816; x_wconf 89' lang='lat' dir='ltr'>commune</span> <span class='ocrx_word' id='word_1_161' title='bbox 2607 1752 2773 1816; x_wconf 89' lang='lat' dir='ltr'>ultra</span> <span class='ocrx_word' id='word_1_162' title='bbox 2833 1770 2936 1830; x_wconf 83' lang='lat' dir='ltr'>ea,</span> <span class='ocrx_word' id='word_1_163' title='bbox 3004 1770 3123 1833; x_wconf 90' lang='lat' dir='ltr'>que</span> 
     </span>
     <span class='ocr_line' id='line_1_17' title="bbox 412 1838 3124 1923; baseline 0.002 -25"><span class='ocrx_word' id='word_1_164' title='bbox 412 1838 695 1918; x_wconf 89' lang='lat' dir='ltr'>superius</span> <span class='ocrx_word' id='word_1_165' title='bbox 739 1839 905 1904; x_wconf 91' lang='lat' dir='ltr'>dicta</span> <span class='ocrx_word' id='word_1_166' title='bbox 943 1843 1115 1913; x_wconf 91' lang='lat' dir='ltr'>sunt,</span> <span class='ocrx_word' id='word_1_167' title='bbox 1173 1847 1237 1904; x_wconf 89' lang='lat' dir='ltr'>et</span> <span class='ocrx_word' id='word_1_168' title='bbox 1296 1841 1450 1906; x_wconf 88' lang='lat' dir='ltr'>alias</span> <span class='ocrx_word' id='word_1_169' title='bbox 1498 1841 1857 1923; x_wconf 85' lang='lat' dir='ltr'>scripsimus</span> <span class='ocrx_word' id='word_1_170' title='bbox 1903 1840 2055 1915; x_wconf 87' lang='lat' dir='ltr'>sibi;</span> <span class='ocrx_word' id='word_1_171' title='bbox 2119 1840 2226 1904; x_wconf 90' lang='lat' dir='ltr'>sed</span> <span class='ocrx_word' id='word_1_172' title='bbox 2271 1840 2636 1904; x_wconf 86' lang='lat' dir='ltr'>mandamus</span> <span class='ocrx_word' id='word_1_173' title='bbox 2700 1840 2776 1917; x_wconf 79' lang='lat' dir='ltr'>ei,</span> <span class='ocrx_word' id='word_1_174' title='bbox 2823 1840 3124 1922; x_wconf 88' lang='lat' dir='ltr'>quatenus</span> 
     </span>
     <span class='ocr_line' id='line_1_18' title="bbox 413 1927 3120 2011; baseline 0.001 -23"><span class='ocrx_word' id='word_1_175' title='bbox 413 1942 735 2006; x_wconf 88' lang='lat' dir='ltr'>procurare</span> <span class='ocrx_word' id='word_1_176' title='bbox 766 1927 990 1992; x_wconf 90' lang='lat' dir='ltr'>debeat</span> <span class='ocrx_word' id='word_1_177' title='bbox 1032 1931 1094 1992; x_wconf 90' lang='lat' dir='ltr'>et</span> <span class='ocrx_word' id='word_1_178' title='bbox 1140 1930 1356 2007; x_wconf 84' lang='lat' dir='ltr'>facere,</span> <span class='ocrx_word' id='word_1_179' title='bbox 1399 1930 1450 1992; x_wconf 90' lang='lat' dir='ltr'>si</span> <span class='ocrx_word' id='word_1_180' title='bbox 1498 1930 1742 2011; x_wconf 88' lang='lat' dir='ltr'>poterit,</span> <span class='ocrx_word' id='word_1_181' title='bbox 1791 1947 1931 1992; x_wconf 91' lang='lat' dir='ltr'>cum</span> <span class='ocrx_word' id='word_1_182' title='bbox 1975 1927 2336 2006; x_wconf 81' lang='lat' dir='ltr'>Jadratinis‚</span> <span class='ocrx_word' id='word_1_183' title='bbox 2399 1928 2503 2010; x_wconf 91' lang='lat' dir='ltr'>qui</span> <span class='ocrx_word' id='word_1_184' title='bbox 2549 1928 2779 1992; x_wconf 88' lang='lat' dir='ltr'>habent</span> <span class='ocrx_word' id='word_1_185' title='bbox 2823 1927 3120 2009; x_wconf 90' lang='lat' dir='ltr'>possessi-</span> 
     </span>
     <span class='ocr_line' id='line_1_19' title="bbox 411 2015 3124 2099; baseline 0.001 -24"><span class='ocrx_word' id='word_1_186' title='bbox 411 2029 557 2076; x_wconf 87' lang='lat' dir='ltr'>ones</span> <span class='ocrx_word' id='word_1_187' title='bbox 602 2032 745 2078; x_wconf 88' lang='lat' dir='ltr'>suas</span> <span class='ocrx_word' id='word_1_188' title='bbox 788 2015 853 2079; x_wconf 92' lang='lat' dir='ltr'>in</span> <span class='ocrx_word' id='word_1_189' title='bbox 898 2019 1119 2095; x_wconf 61' lang='lat' dir='ltr'>stares„</span> <span class='ocrx_word' id='word_1_190' title='bbox 1168 2036 1306 2080; x_wconf 89' lang='lat' dir='ltr'>cum</span> <span class='ocrx_word' id='word_1_191' title='bbox 1349 2016 1473 2080; x_wconf 89' lang='lat' dir='ltr'>illis</span> <span class='ocrx_word' id='word_1_192' title='bbox 1519 2017 1747 2099; x_wconf 87' lang='lat' dir='ltr'>pulcris</span> <span class='ocrx_word' id='word_1_193' title='bbox 1779 2016 2002 2092; x_wconf 78' lang='lat' dir='ltr'>verbiS‚</span> <span class='ocrx_word' id='word_1_194' title='bbox 2048 2036 2168 2099; x_wconf 91' lang='lat' dir='ltr'>que</span> <span class='ocrx_word' id='word_1_195' title='bbox 2213 2016 2332 2080; x_wconf 92' lang='lat' dir='ltr'>sibi</span> <span class='ocrx_word' id='word_1_196' title='bbox 2366 2015 2748 2095; x_wconf 85' lang='lat' dir='ltr'>videbuntur,</span> <span class='ocrx_word' id='word_1_197' title='bbox 2798 2015 2961 2098; x_wconf 90' lang='lat' dir='ltr'>quod</span> <span class='ocrx_word' id='word_1_198' title='bbox 3007 2015 3124 2097; x_wconf 89' lang='lat' dir='ltr'>ipsi</span> 
     </span>
     <span class='ocr_line' id='line_1_20' title="bbox 410 2098 3121 2186; baseline 0.001 -22"><span class='ocrx_word' id='word_1_199' title='bbox 410 2098 723 2167; x_wconf 84' lang='lat' dir='ltr'>Jadratini</span> <span class='ocrx_word' id='word_1_200' title='bbox 769 2106 1076 2186; x_wconf 85' lang='lat' dir='ltr'>reperiant</span> <span class='ocrx_word' id='word_1_201' title='bbox 1121 2105 1286 2170; x_wconf 86' lang='lat' dir='ltr'>viam</span> <span class='ocrx_word' id='word_1_202' title='bbox 1333 2107 1395 2170; x_wconf 87' lang='lat' dir='ltr'>et</span> <span class='ocrx_word' id='word_1_203' title='bbox 1444 2106 1693 2169; x_wconf 90' lang='lat' dir='ltr'>modum</span> <span class='ocrx_word' id='word_1_204' title='bbox 1736 2106 1894 2169; x_wconf 88' lang='lat' dir='ltr'>inter</span> <span class='ocrx_word' id='word_1_205' title='bbox 1939 2124 2022 2180; x_wconf 83' lang='lat' dir='ltr'>se,</span> <span class='ocrx_word' id='word_1_206' title='bbox 2072 2104 2236 2169; x_wconf 88' lang='lat' dir='ltr'>sicut</span> <span class='ocrx_word' id='word_1_207' title='bbox 2281 2102 2401 2168; x_wconf 90' lang='lat' dir='ltr'>sibi</span> <span class='ocrx_word' id='word_1_208' title='bbox 2447 2104 2723 2178; x_wconf 84' lang='lat' dir='ltr'>videtur;</span> <span class='ocrx_word' id='word_1_209' title='bbox 2786 2111 2852 2168; x_wconf 90' lang='lat' dir='ltr'>et</span> <span class='ocrx_word' id='word_1_210' title='bbox 2896 2103 3121 2185; x_wconf 82' lang='lat' dir='ltr'>placet,</span> 
     </span>
     <span class='ocr_line' id='line_1_21' title="bbox 413 2190 3124 2275; baseline 0.001 -23"><span class='ocrx_word' id='word_1_211' title='bbox 413 2190 573 2269; x_wconf 88' lang='lat' dir='ltr'>quod</span> <span class='ocrx_word' id='word_1_212' title='bbox 621 2191 786 2255; x_wconf 83' lang='lat' dir='ltr'>dicta</span> <span class='ocrx_word' id='word_1_213' title='bbox 825 2193 1106 2258; x_wconf 90' lang='lat' dir='ltr'>custodia</span> <span class='ocrx_word' id='word_1_214' title='bbox 1167 2192 1363 2275; x_wconf 89' lang='lat' dir='ltr'>possit</span> <span class='ocrx_word' id='word_1_215' title='bbox 1416 2192 1548 2256; x_wconf 89' lang='lat' dir='ltr'>fieri</span> <span class='ocrx_word' id='word_1_216' title='bbox 1594 2194 1660 2257; x_wconf 91' lang='lat' dir='ltr'>et</span> <span class='ocrx_word' id='word_1_217' title='bbox 1704 2193 1931 2265; x_wconf 83' lang='lat' dir='ltr'>teneri,</span> <span class='ocrx_word' id='word_1_218' title='bbox 1994 2193 2178 2256; x_wconf 89' lang='lat' dir='ltr'>dante</span> <span class='ocrx_word' id='word_1_219' title='bbox 2241 2195 2447 2256; x_wconf 90' lang='lat' dir='ltr'>nostro</span> <span class='ocrx_word' id='word_1_220' title='bbox 2510 2191 2775 2256; x_wconf 91' lang='lat' dir='ltr'>dominio</span> <span class='ocrx_word' id='word_1_221' title='bbox 2837 2191 2970 2268; x_wconf 83' lang='lat' dir='ltr'>illi,</span> <span class='ocrx_word' id='word_1_222' title='bbox 3018 2191 3124 2273; x_wconf 91' lang='lat' dir='ltr'>qui</span> 
     </span>
     <span class='ocr_line' id='line_1_22' title="bbox 409 2277 3128 2363; baseline 0.001 -23"><span class='ocrx_word' id='word_1_223' title='bbox 409 2279 720 2360; x_wconf 88' lang='lat' dir='ltr'>acceperit</span> <span class='ocrx_word' id='word_1_224' title='bbox 764 2281 829 2344; x_wconf 91' lang='lat' dir='ltr'>et</span> <span class='ocrx_word' id='word_1_225' title='bbox 871 2280 1068 2346; x_wconf 88' lang='lat' dir='ltr'>facere</span> <span class='ocrx_word' id='word_1_226' title='bbox 1114 2281 1468 2363; x_wconf 87' lang='lat' dir='ltr'>promiserit</span> <span class='ocrx_word' id='word_1_227' title='bbox 1511 2281 1741 2345; x_wconf 90' lang='lat' dir='ltr'>dictam</span> <span class='ocrx_word' id='word_1_228' title='bbox 1789 2280 2151 2358; x_wconf 88' lang='lat' dir='ltr'>custodiam,</span> <span class='ocrx_word' id='word_1_229' title='bbox 2200 2299 2289 2357; x_wconf 85' lang='lat' dir='ltr'>ea,</span> <span class='ocrx_word' id='word_1_230' title='bbox 2337 2299 2453 2363; x_wconf 89' lang='lat' dir='ltr'>que</span> <span class='ocrx_word' id='word_1_231' title='bbox 2499 2281 2783 2362; x_wconf 87' lang='lat' dir='ltr'>superius</span> <span class='ocrx_word' id='word_1_232' title='bbox 2829 2281 2974 2344; x_wconf 87' lang='lat' dir='ltr'>sunt</span> <span class='ocrx_word' id='word_1_233' title='bbox 3018 2277 3128 2344; x_wconf 89' lang='lat' dir='ltr'>de-</span> 
     </span>
     <span class='ocr_line' id='line_1_23' title="bbox 410 2365 3127 2452; baseline 0.001 -24"><span class='ocrx_word' id='word_1_234' title='bbox 410 2365 662 2448; x_wconf 90' lang='lat' dir='ltr'>scripta.</span> <span class='ocrx_word' id='word_1_235' title='bbox 711 2369 941 2432; x_wconf 89' lang='lat' dir='ltr'>Verum</span> <span class='ocrx_word' id='word_1_236' title='bbox 989 2368 1130 2451; x_wconf 90' lang='lat' dir='ltr'>quia</span> <span class='ocrx_word' id='word_1_237' title='bbox 1174 2369 1470 2451; x_wconf 88' lang='lat' dir='ltr'>possibile</span> <span class='ocrx_word' id='word_1_238' title='bbox 1517 2370 1629 2448; x_wconf 85' lang='lat' dir='ltr'>est,</span> <span class='ocrx_word' id='word_1_239' title='bbox 1688 2368 1845 2451; x_wconf 90' lang='lat' dir='ltr'>quod</span> <span class='ocrx_word' id='word_1_240' title='bbox 1886 2388 2004 2432; x_wconf 92' lang='lat' dir='ltr'>non</span> <span class='ocrx_word' id='word_1_241' title='bbox 2067 2368 2402 2452; x_wconf 90' lang='lat' dir='ltr'>reperietur</span> <span class='ocrx_word' id='word_1_242' title='bbox 2461 2386 2755 2451; x_wconf 81' lang='lat' dir='ltr'>persona,</span> <span class='ocrx_word' id='word_1_243' title='bbox 2820 2387 2936 2450; x_wconf 88' lang='lat' dir='ltr'>que</span> <span class='ocrx_word' id='word_1_244' title='bbox 2982 2386 3127 2432; x_wconf 90' lang='lat' dir='ltr'>con-</span> 
     </span>
     <span class='ocr_line' id='line_1_24' title="bbox 408 2453 3126 2540; baseline 0.001 -22"><span class='ocrx_word' id='word_1_245' title='bbox 408 2453 683 2519; x_wconf 83' lang='lat' dir='ltr'>tentetur</span> <span class='ocrx_word' id='word_1_246' title='bbox 724 2457 796 2521; x_wconf 90' lang='lat' dir='ltr'>de</span> <span class='ocrx_word' id='word_1_247' title='bbox 838 2458 1184 2538; x_wconf 87' lang='lat' dir='ltr'>provisione</span> <span class='ocrx_word' id='word_1_248' title='bbox 1230 2458 1437 2522; x_wconf 85' lang='lat' dir='ltr'>ducati</span> <span class='ocrx_word' id='word_1_249' title='bbox 1483 2477 1674 2540; x_wconf 87' lang='lat' dir='ltr'>usque</span> <span class='ocrx_word' id='word_1_250' title='bbox 1721 2459 1796 2522; x_wconf 91' lang='lat' dir='ltr'>ad</span> <span class='ocrx_word' id='word_1_251' title='bbox 1844 2475 2117 2522; x_wconf 90' lang='lat' dir='ltr'>mensem</span> <span class='ocrx_word' id='word_1_252' title='bbox 2183 2456 2396 2521; x_wconf 88' lang='lat' dir='ltr'>marcii</span> <span class='ocrx_word' id='word_1_253' title='bbox 2451 2457 2694 2522; x_wconf 89' lang='lat' dir='ltr'>tantum</span> <span class='ocrx_word' id='word_1_254' title='bbox 2717 2504 2733 2535; x_wconf 90' lang='lat'>‚</span> <span class='ocrx_word' id='word_1_255' title='bbox 2791 2457 2897 2520; x_wconf 88' lang='lat' dir='ltr'>sed</span> <span class='ocrx_word' id='word_1_256' title='bbox 2958 2456 3126 2521; x_wconf 84' lang='lat' dir='ltr'>volet</span> 
     </span>
     <span class='ocr_line' id='line_1_25' title="bbox 407 2544 3124 2628; baseline 0.001 -23"><span class='ocrx_word' id='word_1_257' title='bbox 407 2560 548 2607; x_wconf 91' lang='lat' dir='ltr'>eam</span> <span class='ocrx_word' id='word_1_258' title='bbox 593 2562 784 2626; x_wconf 86' lang='lat' dir='ltr'>usque</span> <span class='ocrx_word' id='word_1_259' title='bbox 830 2544 908 2608; x_wconf 90' lang='lat' dir='ltr'>ad</span> <span class='ocrx_word' id='word_1_260' title='bbox 953 2564 1139 2609; x_wconf 90' lang='lat' dir='ltr'>unum</span> <span class='ocrx_word' id='word_1_261' title='bbox 1175 2563 1403 2609; x_wconf 88' lang='lat' dir='ltr'>annum</span> <span class='ocrx_word' id='word_1_262' title='bbox 1446 2546 1813 2627; x_wconf 85' lang='lat' dir='ltr'>proximum,</span> <span class='ocrx_word' id='word_1_263' title='bbox 1862 2544 2167 2609; x_wconf 88' lang='lat' dir='ltr'>scribatur</span> <span class='ocrx_word' id='word_1_264' title='bbox 2198 2544 2430 2622; x_wconf 89' lang='lat' dir='ltr'>comiti,</span> <span class='ocrx_word' id='word_1_265' title='bbox 2478 2544 2635 2628; x_wconf 90' lang='lat' dir='ltr'>quod</span> <span class='ocrx_word' id='word_1_266' title='bbox 2681 2545 2743 2609; x_wconf 93' lang='lat' dir='ltr'>in</span> <span class='ocrx_word' id='word_1_267' title='bbox 2791 2561 2958 2621; x_wconf 81' lang='lat' dir='ltr'>casu,</span> <span class='ocrx_word' id='word_1_268' title='bbox 3005 2563 3124 2626; x_wconf 89' lang='lat' dir='ltr'>quo</span> 
     </span>
     <span class='ocr_line' id='line_1_26' title="bbox 406 2631 3124 2717; baseline 0 -21"><span class='ocrx_word' id='word_1_269' title='bbox 406 2651 529 2696; x_wconf 92' lang='lat' dir='ltr'>non</span> <span class='ocrx_word' id='word_1_270' title='bbox 576 2633 775 2715; x_wconf 88' lang='lat' dir='ltr'>possit</span> <span class='ocrx_word' id='word_1_271' title='bbox 832 2631 1030 2699; x_wconf 85' lang='lat' dir='ltr'>facere</span> <span class='ocrx_word' id='word_1_272' title='bbox 1094 2634 1348 2714; x_wconf 81' lang='grc' dir='ltr'>1113Ιί113,</span> <span class='ocrx_word' id='word_1_273' title='bbox 1420 2635 1807 2699; x_wconf 88' lang='lat' dir='ltr'>contentetur</span> <span class='ocrx_word' id='word_1_274' title='bbox 1853 2633 1997 2699; x_wconf 90' lang='lat' dir='ltr'>dare</span> <span class='ocrx_word' id='word_1_275' title='bbox 2061 2633 2469 2717; x_wconf 83' lang='lat' dir='ltr'>provisionem</span> <span class='ocrx_word' id='word_1_276' title='bbox 2532 2632 2738 2698; x_wconf 87' lang='lat' dir='ltr'>ducati</span> <span class='ocrx_word' id='word_1_277' title='bbox 2808 2652 2999 2715; x_wconf 90' lang='lat' dir='ltr'>usque</span> <span class='ocrx_word' id='word_1_278' title='bbox 3046 2632 3124 2697; x_wconf 88' lang='lat' dir='ltr'>ad</span> 
     </span>
     <span class='ocr_line' id='line_1_27' title="bbox 405 2721 3123 2805; baseline 0 -21"><span class='ocrx_word' id='word_1_279' title='bbox 405 2739 601 2785; x_wconf 91' lang='lat' dir='ltr'>unum</span> <span class='ocrx_word' id='word_1_280' title='bbox 644 2739 874 2786; x_wconf 89' lang='lat' dir='ltr'>annum</span> <span class='ocrx_word' id='word_1_281' title='bbox 914 2723 1259 2804; x_wconf 86' lang='lat' dir='ltr'>proximum</span> <span class='ocrx_word' id='word_1_282' title='bbox 1305 2742 1341 2787; x_wconf 88' lang='lat' dir='ltr'>a</span> <span class='ocrx_word' id='word_1_283' title='bbox 1387 2722 1502 2798; x_wconf 83' lang='lat' dir='ltr'>die,</span> <span class='ocrx_word' id='word_1_284' title='bbox 1551 2741 1668 2805; x_wconf 92' lang='lat' dir='ltr'>quo</span> <span class='ocrx_word' id='word_1_285' title='bbox 1727 2722 1982 2805; x_wconf 87' lang='lat' dir='ltr'>incipiet</span> <span class='ocrx_word' id='word_1_286' title='bbox 2042 2722 2321 2788; x_wconf 89' lang='lat' dir='ltr'>custodia</span> <span class='ocrx_word' id='word_1_287' title='bbox 2386 2721 2770 2804; x_wconf 88' lang='lat' dir='ltr'>supradicta;</span> <span class='ocrx_word' id='word_1_288' title='bbox 2841 2723 2904 2786; x_wconf 88' lang='lat' dir='ltr'>et</span> <span class='ocrx_word' id='word_1_289' title='bbox 2950 2721 3123 2805; x_wconf 89' lang='lat' dir='ltr'>quic-</span> 
     </span>
     <span class='ocr_line' id='line_1_28' title="bbox 404 2808 2681 2894; baseline 0.001 -22"><span class='ocrx_word' id='word_1_290' title='bbox 404 2808 552 2892; x_wconf 87' lang='lat' dir='ltr'>quid</span> <span class='ocrx_word' id='word_1_291' title='bbox 597 2808 813 2874; x_wconf 87' lang='lat' dir='ltr'>fecerit</span> <span class='ocrx_word' id='word_1_292' title='bbox 860 2811 924 2874; x_wconf 90' lang='lat' dir='ltr'>et</span> <span class='ocrx_word' id='word_1_293' title='bbox 961 2811 1303 2876; x_wconf 88' lang='lat' dir='ltr'>firmaverit</span> <span class='ocrx_word' id='word_1_294' title='bbox 1342 2813 1405 2875; x_wconf 93' lang='lat' dir='ltr'>in</span> <span class='ocrx_word' id='word_1_295' title='bbox 1447 2810 1787 2894; x_wconf 52' lang='lat' dir='ltr'>premissis</span> <span class='ocrx_word' id='word_1_296' title='bbox 1837 2810 2015 2875; x_wconf 88' lang='lat' dir='ltr'>nobis</span> <span class='ocrx_word' id='word_1_297' title='bbox 2061 2811 2383 2876; x_wconf 83' lang='lat' dir='ltr'>rescribat.</span> <span class='ocrx_word' id='word_1_298' title='bbox 2433 2808 2681 2874; x_wconf 79' lang='lat' dir='ltr'>Omnes,</span> 
     </span>
     <span class='ocr_line' id='line_1_29' title="bbox 497 2898 2115 2976; baseline 0 -17"><span class='ocrx_word' id='word_1_299' title='bbox 497 2898 658 2960; x_wconf 82' lang='lat' dir='ltr'>Secr.</span> <span class='ocrx_word' id='word_1_300' title='bbox 704 2918 860 2961; x_wconf 71' lang='lat' dir='ltr'>cons.</span> <span class='ocrx_word' id='word_1_301' title='bbox 904 2906 1089 2976; x_wconf 60' lang='grc' dir='ltr'><em>νομαί.</em></span> <span class='ocrx_word' id='word_1_302' title='bbox 1136 2900 1211 2959; x_wconf 84' lang='grc' dir='ltr'>Α.</span> <span class='ocrx_word' id='word_1_303' title='bbox 1260 2904 1364 2972; x_wconf 82' lang='lat'>82,</span> <span class='ocrx_word' id='word_1_304' title='bbox 1409 2919 1452 2960; x_wconf 81' lang='lat' dir='ltr'>u</span> <span class='ocrx_word' id='word_1_305' title='bbox 1497 2902 1838 2961; x_wconf 64' lang='lat' dir='ltr'>mletadkom</span> <span class='ocrx_word' id='word_1_306' title='bbox 1884 2902 2115 2961; x_wconf 80' lang='lat' dir='ltr'>arkivu.</span> 
     </span>
    </p>
   </div>
   <div class='ocr_carea' id='block_1_3' title="bbox 829 3089 2706 3193">
    <p class='ocr_par' dir='ltr' id='par_1_3' title="bbox 829 3089 2706 3193">
     <span class='ocr_line' id='line_1_30' title="bbox 829 3089 2706 3193; baseline 0.001 -22"><span class='ocrx_word' id='word_1_307' title='bbox 829 3090 1065 3171; x_wconf 89' lang='lat' dir='ltr'><strong>VIII.</strong></span> <span class='ocrx_word' id='word_1_308' title='bbox 1141 3091 1348 3173; x_wconf 79' lang='lat' dir='ltr'>God.</span> <span class='ocrx_word' id='word_1_309' title='bbox 1403 3091 1622 3174; x_wconf 80' lang='lat'><strong>1347.</strong></span> <span class='ocrx_word' id='word_1_310' title='bbox 1676 3092 1776 3173; x_wconf 82' lang='lat'>14</span> <span class='ocrx_word' id='word_1_311' title='bbox 1829 3092 2150 3193; x_wconf 78' lang='lat' dir='ltr'>srpnja,</span> <span class='ocrx_word' id='word_1_312' title='bbox 2204 3114 2260 3172; x_wconf 92' lang='grc'>11</span> <span class='ocrx_word' id='word_1_313' title='bbox 2314 3089 2706 3173; x_wconf 84' lang='lat' dir='ltr'>Mletcih.</span> 
     </span>
    </p>
   </div>
   <div class='ocr_carea' id='block_1_4' title="bbox 1027 3217 2494 3293">
    <p class='ocr_par' dir='ltr' id='par_1_4' title="bbox 1027 3217 2494 3293">
     <span class='ocr_line' id='line_1_31' title="bbox 1027 3217 2494 3293; baseline 0.001 -16"><span class='ocrx_word' id='word_1_314' title='bbox 1027 3217 1244 3292; x_wconf 68' lang='lat' dir='ltr'>Odbija</span> <span class='ocrx_word' id='word_1_315' title='bbox 1281 3235 1342 3279; x_wconf 87' lang='lat' dir='ltr'>se</span> <span class='ocrx_word' id='word_1_316' title='bbox 1378 3220 1631 3292; x_wconf 72' lang='lat' dir='ltr'>pomula</span> <span class='ocrx_word' id='word_1_317' title='bbox 1671 3238 1819 3279; x_wconf 83' lang='lat' dir='ltr'>cara</span> <span class='ocrx_word' id='word_1_318' title='bbox 1861 3219 2156 3293; x_wconf 73' lang='lat' dir='ltr'>rimskoya</span> <span class='ocrx_word' id='word_1_319' title='bbox 2199 3236 2274 3278; x_wconf 76' lang='lat' dir='ltr'>za</span> <span class='ocrx_word' id='word_1_320' title='bbox 2307 3235 2494 3279; x_wconf 75' lang='lat' dir='ltr'>savez.</span> 
     </span>
    </p>
   </div>
   <div class='ocr_carea' id='block_1_5' title="bbox 402 3338 3122 3598">
    <p class='ocr_par' dir='ltr' id='par_1_5' title="bbox 402 3338 3122 3598">
     <span class='ocr_line' id='line_1_32' title="bbox 625 3338 3122 3424; baseline 0.002 -24"><span class='ocrx_word' id='word_1_321' title='bbox 625 3338 811 3403; x_wconf 84' lang='lat'><strong>1347.</strong></span> <span class='ocrx_word' id='word_1_322' title='bbox 860 3338 961 3404; x_wconf 90' lang='lat' dir='ltr'>die</span> <span class='ocrx_word' id='word_1_323' title='bbox 1008 3338 1159 3406; x_wconf 89' lang='lat' dir='ltr'>XIV</span> <span class='ocrx_word' id='word_1_324' title='bbox 1205 3340 1360 3420; x_wconf 87' lang='lat' dir='ltr'>iulii,</span> <span class='ocrx_word' id='word_1_325' title='bbox 1409 3341 1622 3423; x_wconf 87' lang='lat' dir='ltr'>capta:</span> <span class='ocrx_word' id='word_1_326' title='bbox 1670 3339 1831 3424; x_wconf 89' lang='lat' dir='ltr'>quod</span> <span class='ocrx_word' id='word_1_327' title='bbox 1878 3340 2313 3424; x_wconf 86' lang='lat' dir='ltr'>respondeatur</span> <span class='ocrx_word' id='word_1_328' title='bbox 2345 3339 2845 3405; x_wconf 83' lang='lat' dir='ltr'>ambaxatoribus</span> <span class='ocrx_word' id='word_1_329' title='bbox 2890 3339 3122 3404; x_wconf 91' lang='lat' dir='ltr'>domini</span> 
     </span>
     <span class='ocr_line' id='line_1_33' title="bbox 404 3427 3118 3512; baseline 0 -21"><span class='ocrx_word' id='word_1_330' title='bbox 404 3428 801 3509; x_wconf 88' lang='lat' dir='ltr'>imperatoris</span> <span class='ocrx_word' id='word_1_331' title='bbox 848 3427 1268 3493; x_wconf 88' lang='lat' dir='ltr'>Romanorum</span> <span class='ocrx_word' id='word_1_332' title='bbox 1314 3447 1501 3511; x_wconf 89' lang='lat' dir='ltr'>super</span> <span class='ocrx_word' id='word_1_333' title='bbox 1546 3428 1707 3493; x_wconf 89' lang='lat' dir='ltr'>facto</span> <span class='ocrx_word' id='word_1_334' title='bbox 1753 3427 2014 3506; x_wconf 87' lang='grc'>1111101113,</span> <span class='ocrx_word' id='word_1_335' title='bbox 2065 3447 2249 3510; x_wconf 89' lang='lat' dir='ltr'>quam</span> <span class='ocrx_word' id='word_1_336' title='bbox 2281 3429 2504 3510; x_wconf 89' lang='lat' dir='ltr'>petunt</span> <span class='ocrx_word' id='word_1_337' title='bbox 2548 3446 2656 3511; x_wconf 91' lang='lat' dir='ltr'>pro</span> <span class='ocrx_word' id='word_1_338' title='bbox 2703 3430 2877 3510; x_wconf 89' lang='lat' dir='ltr'>parte</span> <span class='ocrx_word' id='word_1_339' title='bbox 2924 3428 3118 3512; x_wconf 87' lang='lat' dir='ltr'>ipsius</span> 
     </span>
     <span class='ocr_line' id='line_1_34' title="bbox 402 3514 3120 3598; baseline 0 -19"><span class='ocrx_word' id='word_1_340' title='bbox 402 3514 641 3580; x_wconf 91' lang='lat' dir='ltr'>domini</span> <span class='ocrx_word' id='word_1_341' title='bbox 688 3534 828 3581; x_wconf 90' lang='lat' dir='ltr'>cum</span> <span class='ocrx_word' id='word_1_342' title='bbox 878 3515 1106 3598; x_wconf 90' lang='lat' dir='ltr'>pulcris</span> <span class='ocrx_word' id='word_1_343' title='bbox 1153 3517 1219 3581; x_wconf 90' lang='lat' dir='ltr'>et</span> <span class='ocrx_word' id='word_1_344' title='bbox 1265 3517 1434 3581; x_wconf 90' lang='lat' dir='ltr'>bonis</span> <span class='ocrx_word' id='word_1_345' title='bbox 1481 3517 1702 3597; x_wconf 74' lang='grc'>11311113,</span> <span class='ocrx_word' id='word_1_346' title='bbox 1753 3518 2093 3580; x_wconf 82' lang='lat' dir='ltr'>excusando</span> <span class='ocrx_word' id='word_1_347' title='bbox 2157 3535 2265 3580; x_wconf 90' lang='lat' dir='ltr'>nos</span> <span class='ocrx_word' id='word_1_348' title='bbox 2314 3515 2392 3579; x_wconf 89' lang='lat' dir='ltr'>ab</span> <span class='ocrx_word' id='word_1_349' title='bbox 2439 3516 2572 3598; x_wconf 90' lang='lat' dir='ltr'>ipso</span> <span class='ocrx_word' id='word_1_350' title='bbox 2619 3515 2782 3582; x_wconf 85' lang='lat' dir='ltr'>facto</span> <span class='ocrx_word' id='word_1_351' title='bbox 2825 3535 2966 3581; x_wconf 91' lang='lat' dir='ltr'>cum</span> <span class='ocrx_word' id='word_1_352' title='bbox 3008 3516 3120 3581; x_wconf 76' lang='grc'>110-’</span> 
     </span>
    </p>
   </div>
   <div class='ocr_carea' id='block_1_6' title="bbox 404 3603 2584 3770">
    <p class='ocr_par' dir='ltr' id='par_1_6' title="bbox 404 3603 2584 3770">
     <span class='ocr_line' id='line_1_35' title="bbox 404 3603 2584 3685; baseline 0 -18"><span class='ocrx_word' id='word_1_353' title='bbox 404 3622 552 3668; x_wconf 89' lang='lat' dir='ltr'>nore</span> <span class='ocrx_word' id='word_1_354' title='bbox 600 3604 808 3668; x_wconf 89' lang='lat' dir='ltr'>nostro</span> <span class='ocrx_word' id='word_1_355' title='bbox 856 3604 1019 3669; x_wconf 87' lang='lat' dir='ltr'>sicut</span> <span class='ocrx_word' id='word_1_356' title='bbox 1064 3604 1374 3670; x_wconf 81' lang='lat' dir='ltr'>videbitur</span> <span class='ocrx_word' id='word_1_357' title='bbox 1418 3604 1686 3682; x_wconf 85' lang='lat' dir='ltr'>dominc,</span> <span class='ocrx_word' id='word_1_358' title='bbox 1734 3603 2101 3669; x_wconf 87' lang='lat' dir='ltr'>consiliariis</span> <span class='ocrx_word' id='word_1_359' title='bbox 2148 3606 2212 3668; x_wconf 87' lang='lat' dir='ltr'>et</span> <span class='ocrx_word' id='word_1_360' title='bbox 2257 3604 2584 3685; x_wconf 87' lang='lat' dir='ltr'>capitibus.</span> 
     </span>
     <span class='ocr_line' id='line_1_36' title="bbox 490 3694 2240 3770; baseline -0.002 -16"><span class='ocrx_word' id='word_1_361' title='bbox 490 3694 648 3755; x_wconf 77' lang='lat' dir='ltr'>Seer.</span> <span class='ocrx_word' id='word_1_362' title='bbox 693 3711 848 3754; x_wconf 78' lang='lat' dir='ltr'>cons.</span> <span class='ocrx_word' id='word_1_363' title='bbox 889 3700 1073 3770; x_wconf 65' lang='grc' dir='ltr'><em>φοραί.</em></span> <span class='ocrx_word' id='word_1_364' title='bbox 1120 3697 1218 3755; x_wconf 78' lang='lat' dir='ltr'>lib.</span> <span class='ocrx_word' id='word_1_365' title='bbox 1263 3695 1340 3754; x_wconf 82' lang='lat' dir='ltr'>A.</span> <span class='ocrx_word' id='word_1_366' title='bbox 1388 3697 1490 3766; x_wconf 82' lang='lat'>82,</span> <span class='ocrx_word' id='word_1_367' title='bbox 1535 3714 1578 3755; x_wconf 80' lang='lat' dir='ltr'>u</span> <span class='ocrx_word' id='word_1_368' title='bbox 1624 3697 1841 3755; x_wconf 79' lang='lat' dir='ltr'>arkivu</span> <span class='ocrx_word' id='word_1_369' title='bbox 1883 3695 2240 3755; x_wconf 68' lang='lat' dir='ltr'>mletackom.</span> 
     </span>
    </p>
   </div>
   <div class='ocr_carea' id='block_1_7' title="bbox 405 3884 3115 4086">
    <p class='ocr_par' dir='ltr' id='par_1_7' title="bbox 405 3884 3115 4086">
     <span class='ocr_line' id='line_1_37' title="bbox 889 3884 2650 3987; baseline 0.001 -22"><span class='ocrx_word' id='word_1_370' title='bbox 889 3885 1045 3966; x_wconf 91' lang='lat' dir='ltr'>IX.</span> <span class='ocrx_word' id='word_1_371' title='bbox 1097 3884 1302 3969; x_wconf 80' lang='lat' dir='ltr'>God.</span> <span class='ocrx_word' id='word_1_372' title='bbox 1358 3885 1576 3968; x_wconf 76' lang='lat'><strong>1347.</strong></span> <span class='ocrx_word' id='word_1_373' title='bbox 1630 3886 1718 3967; x_wconf 78' lang='lat'>17</span> <span class='ocrx_word' id='word_1_374' title='bbox 1772 3886 2096 3987; x_wconf 84' lang='lat' dir='ltr'>srpnja,</span> <span class='ocrx_word' id='word_1_375' title='bbox 2147 3907 2208 3966; x_wconf 91' lang='lat' dir='ltr'>u</span> <span class='ocrx_word' id='word_1_376' title='bbox 2261 3884 2650 3968; x_wconf 85' lang='lat' dir='ltr'>Mletcih.</span> 
     </span>
     <span class='ocr_line' id='line_1_38' title="bbox 405 4011 3115 4086; baseline 0 -14"><span class='ocrx_word' id='word_1_377' title='bbox 405 4011 766 4086; x_wconf 64' lang='lat' dir='ltr'>Odyodjen0,&#39;</span> <span class='ocrx_word' id='word_1_378' title='bbox 806 4012 885 4071; x_wconf 81' lang='lat' dir='ltr'>da</span> <span class='ocrx_word' id='word_1_379' title='bbox 929 4029 991 4071; x_wconf 83' lang='lat' dir='ltr'>se</span> <span class='ocrx_word' id='word_1_380' title='bbox 1039 4012 1312 4083; x_wconf 69' lang='lat' dir='ltr'>tvrdjava</span> <span class='ocrx_word' id='word_1_381' title='bbox 1354 4029 1437 4071; x_wconf 83' lang='lat' dir='ltr'>sv.</span> <span class='ocrx_word' id='word_1_382' title='bbox 1481 4013 1747 4086; x_wconf 65' lang='lat' dir='ltr'>Mihcv&#39;la</span> <span class='ocrx_word' id='word_1_383' title='bbox 1806 4013 1963 4073; x_wconf 79' lang='lat' dir='ltr'>blizu</span> <span class='ocrx_word' id='word_1_384' title='bbox 2010 4012 2214 4072; x_wconf 81' lang='lat' dir='ltr'>Zadra</span> <span class='ocrx_word' id='word_1_385' title='bbox 2273 4014 2418 4073; x_wconf 80' lang='lat' dir='ltr'>osim</span> <span class='ocrx_word' id='word_1_386' title='bbox 2465 4012 2669 4086; x_wconf 76' lang='lat' dir='ltr'>jedinc</span> <span class='ocrx_word' id='word_1_387' title='bbox 2714 4012 2885 4073; x_wconf 82' lang='lat' dir='ltr'>crkvc</span> <span class='ocrx_word' id='word_1_388' title='bbox 2936 4012 3115 4073; x_wconf 60' lang='lat' dir='ltr'>srusi.</span> 
     </span>
    </p>
   </div>
   <div class='ocr_carea' id='block_1_8' title="bbox 400 4131 3115 4834">
    <p class='ocr_par' dir='ltr' id='par_1_8' title="bbox 400 4131 3115 4834">
     <span class='ocr_line' id='line_1_39' title="bbox 617 4131 3115 4216; baseline 0.002 -21"><span class='ocrx_word' id='word_1_389' title='bbox 617 4132 803 4210; x_wconf 82' lang='lat'><strong>1347.</strong></span> <span class='ocrx_word' id='word_1_390' title='bbox 854 4131 954 4197; x_wconf 90' lang='lat' dir='ltr'>die</span> <span class='ocrx_word' id='word_1_391' title='bbox 998 4131 1180 4196; x_wconf 91' lang='lat' dir='ltr'>XVII</span> <span class='ocrx_word' id='word_1_392' title='bbox 1226 4133 1380 4197; x_wconf 87' lang='lat' dir='ltr'>iulii.</span> <span class='ocrx_word' id='word_1_393' title='bbox 1429 4132 1585 4198; x_wconf 82' lang='lat' dir='ltr'>Cum</span> <span class='ocrx_word' id='word_1_394' title='bbox 1631 4151 1741 4216; x_wconf 90' lang='lat' dir='ltr'>pro</span> <span class='ocrx_word' id='word_1_395' title='bbox 1766 4132 2060 4198; x_wconf 88' lang='lat' dir='ltr'>firmitate</span> <span class='ocrx_word' id='word_1_396' title='bbox 2102 4136 2304 4199; x_wconf 86' lang='lat' dir='ltr'>status</span> <span class='ocrx_word' id='word_1_397' title='bbox 2328 4134 2522 4198; x_wconf 89' lang='lat' dir='ltr'>nostri</span> <span class='ocrx_word' id='word_1_398' title='bbox 2554 4135 2616 4197; x_wconf 93' lang='lat' dir='ltr'>in</span> <span class='ocrx_word' id='word_1_399' title='bbox 2640 4133 2832 4199; x_wconf 85' lang='lat' dir='ltr'>Jadra</span> <span class='ocrx_word' id='word_1_400' title='bbox 2877 4133 3115 4200; x_wconf 84' lang='lat' dir='ltr'>faciant</span> 
     </span>
     <span class='ocr_line' id='line_1_40' title="bbox 400 4220 3107 4305; baseline 0.001 -21"><span class='ocrx_word' id='word_1_401' title='bbox 400 4239 513 4303; x_wconf 88' lang='lat' dir='ltr'>pro</span> <span class='ocrx_word' id='word_1_402' title='bbox 558 4221 732 4286; x_wconf 89' lang='lat' dir='ltr'>nobis</span> <span class='ocrx_word' id='word_1_403' title='bbox 779 4220 1045 4286; x_wconf 88' lang='lat' dir='ltr'>evellere</span> <span class='ocrx_word' id='word_1_404' title='bbox 1106 4222 1171 4285; x_wconf 89' lang='lat' dir='ltr'>et</span> <span class='ocrx_word' id='word_1_405' title='bbox 1229 4240 1538 4286; x_wconf 89' lang='lat' dir='ltr'>removere</span> <span class='ocrx_word' id='word_1_406' title='bbox 1605 4240 1821 4300; x_wconf 85' lang='lat' dir='ltr'>omne,</span> <span class='ocrx_word' id='word_1_407' title='bbox 1883 4222 2043 4304; x_wconf 90' lang='lat' dir='ltr'>quod</span> <span class='ocrx_word' id='word_1_408' title='bbox 2103 4223 2300 4305; x_wconf 89' lang='lat' dir='ltr'>possit</span> <span class='ocrx_word' id='word_1_409' title='bbox 2358 4221 2561 4303; x_wconf 89' lang='lat' dir='ltr'>aliquo</span> <span class='ocrx_word' id='word_1_410' title='bbox 2607 4223 2879 4304; x_wconf 88' lang='lat' dir='ltr'>tempore</span> <span class='ocrx_word' id='word_1_411' title='bbox 2929 4223 3107 4288; x_wconf 86' lang='lat' dir='ltr'>nobis</span> 
     </span>
     <span class='ocr_line' id='line_1_41' title="bbox 400 4309 3113 4393; baseline 0.001 -20"><span class='ocrx_word' id='word_1_412' title='bbox 400 4327 536 4373; x_wconf 88' lang='lat' dir='ltr'>esse</span> <span class='ocrx_word' id='word_1_413' title='bbox 582 4310 945 4374; x_wconf 90' lang='lat' dir='ltr'>damnosum</span> <span class='ocrx_word' id='word_1_414' title='bbox 993 4313 1058 4373; x_wconf 91' lang='lat' dir='ltr'>et</span> <span class='ocrx_word' id='word_1_415' title='bbox 1100 4309 1495 4390; x_wconf 83' lang='lat' dir='ltr'>preiudiciale</span> <span class='ocrx_word' id='word_1_416' title='bbox 1542 4311 1768 4374; x_wconf 89' lang='lat' dir='ltr'>nostris</span> <span class='ocrx_word' id='word_1_417' title='bbox 1816 4310 2103 4393; x_wconf 51' lang='lat' dir='ltr'>negociis</span> <span class='ocrx_word' id='word_1_418' title='bbox 2152 4329 2411 4392; x_wconf 90' lang='lat' dir='ltr'>cumque</span> <span class='ocrx_word' id='word_1_419' title='bbox 2440 4309 2593 4374; x_wconf 90' lang='lat' dir='ltr'>utile</span> <span class='ocrx_word' id='word_1_420' title='bbox 2630 4311 2722 4374; x_wconf 89' lang='lat' dir='ltr'>sit</span> <span class='ocrx_word' id='word_1_421' title='bbox 2760 4311 3113 4376; x_wconf 89' lang='lat' dir='ltr'>diminuere</span> 
     </span>
     <span class='ocr_line' id='line_1_42' title="bbox 401 4397 3108 4480; baseline 0.001 -20"><span class='ocrx_word' id='word_1_422' title='bbox 401 4415 696 4478; x_wconf 81' lang='lat' dir='ltr'>expensas</span> <span class='ocrx_word' id='word_1_423' title='bbox 738 4400 800 4462; x_wconf 90' lang='lat' dir='ltr'>in</span> <span class='ocrx_word' id='word_1_424' title='bbox 849 4401 1150 4480; x_wconf 87' lang='lat' dir='ltr'>quantum</span> <span class='ocrx_word' id='word_1_425' title='bbox 1180 4397 1474 4480; x_wconf 87' lang='lat' dir='ltr'>possibile</span> <span class='ocrx_word' id='word_1_426' title='bbox 1520 4400 1617 4462; x_wconf 90' lang='lat' dir='ltr'>est</span> <span class='ocrx_word' id='word_1_427' title='bbox 1666 4417 1807 4462; x_wconf 89' lang='lat' dir='ltr'>cum</span> <span class='ocrx_word' id='word_1_428' title='bbox 1837 4400 2166 4463; x_wconf 87' lang='lat' dir='ltr'>securitate</span> <span class='ocrx_word' id='word_1_429' title='bbox 2206 4401 2435 4475; x_wconf 83' lang='lat' dir='ltr'>nostra,</span> <span class='ocrx_word' id='word_1_430' title='bbox 2486 4402 2550 4463; x_wconf 82' lang='lat' dir='ltr'>et</span> <span class='ocrx_word' id='word_1_431' title='bbox 2596 4401 2869 4464; x_wconf 89' lang='lat' dir='ltr'>castrum</span> <span class='ocrx_word' id='word_1_432' title='bbox 2908 4400 3108 4464; x_wconf 89' lang='lat' dir='ltr'>sancti</span> 
     </span>
     <span class='ocr_line' id='line_1_43' title="bbox 401 4485 3109 4570; baseline 0.001 -20"><span class='ocrx_word' id='word_1_433' title='bbox 401 4485 730 4550; x_wconf 87' lang='lat' dir='ltr'>Michaelis</span> <span class='ocrx_word' id='word_1_434' title='bbox 774 4486 1016 4550; x_wconf 88' lang='lat' dir='ltr'>nullum</span> <span class='ocrx_word' id='word_1_435' title='bbox 1062 4487 1385 4550; x_wconf 89' lang='lat' dir='ltr'>comodum</span> <span class='ocrx_word' id='word_1_436' title='bbox 1432 4486 1608 4550; x_wconf 91' lang='lat' dir='ltr'>nobis</span> <span class='ocrx_word' id='word_1_437' title='bbox 1657 4486 1874 4551; x_wconf 89' lang='lat' dir='ltr'>afferat</span> <span class='ocrx_word' id='word_1_438' title='bbox 1928 4485 2034 4550; x_wconf 92' lang='lat' dir='ltr'>sed</span> <span class='ocrx_word' id='word_1_439' title='bbox 2097 4486 2299 4551; x_wconf 88' lang='lat' dir='ltr'>solum</span> <span class='ocrx_word' id='word_1_440' title='bbox 2362 4505 2657 4567; x_wconf 86' lang='lat' dir='ltr'>expensas</span> <span class='ocrx_word' id='word_1_441' title='bbox 2682 4536 2697 4564; x_wconf 88' lang='lat'><strong>‚</strong></span> <span class='ocrx_word' id='word_1_442' title='bbox 2765 4490 2829 4550; x_wconf 91' lang='lat' dir='ltr'>et</span> <span class='ocrx_word' id='word_1_443' title='bbox 2870 4487 3109 4570; x_wconf 90' lang='lat' dir='ltr'>quando</span> 
     </span>
     <span class='ocr_line' id='line_1_44' title="bbox 402 4573 3109 4657; baseline 0.001 -21"><span class='ocrx_word' id='word_1_444' title='bbox 402 4573 467 4636; x_wconf 91' lang='lat' dir='ltr'>in</span> <span class='ocrx_word' id='word_1_445' title='bbox 511 4573 790 4638; x_wconf 85' lang='lat' dir='ltr'>futurum</span> <span class='ocrx_word' id='word_1_446' title='bbox 840 4574 1188 4655; x_wconf 86' lang='lat' dir='ltr'>perveniret</span> <span class='ocrx_word' id='word_1_447' title='bbox 1233 4574 1311 4637; x_wconf 90' lang='lat' dir='ltr'>ad</span> <span class='ocrx_word' id='word_1_448' title='bbox 1343 4574 1498 4639; x_wconf 87' lang='lat' dir='ltr'>alias</span> <span class='ocrx_word' id='word_1_449' title='bbox 1550 4592 1788 4652; x_wconf 75' lang='grc'>1111111113,</span> <span class='ocrx_word' id='word_1_450' title='bbox 1835 4575 1990 4657; x_wconf 90' lang='lat' dir='ltr'>quod</span> <span class='ocrx_word' id='word_1_451' title='bbox 2032 4575 2215 4651; x_wconf 90' lang='lat' dir='ltr'>absit,</span> <span class='ocrx_word' id='word_1_452' title='bbox 2266 4574 2538 4639; x_wconf 91' lang='lat' dir='ltr'>multum</span> <span class='ocrx_word' id='word_1_453' title='bbox 2585 4577 2748 4640; x_wconf 89' lang='lat' dir='ltr'>esset</span> <span class='ocrx_word' id='word_1_454' title='bbox 2794 4576 2966 4641; x_wconf 90' lang='lat' dir='ltr'>nobis</span> <span class='ocrx_word' id='word_1_455' title='bbox 2999 4593 3109 4639; x_wconf 91' lang='lat' dir='ltr'>no-</span> 
     </span>
     <span class='ocr_line' id='line_1_45' title="bbox 401 4661 3107 4746; baseline 0 -20"><span class='ocrx_word' id='word_1_456' title='bbox 401 4662 603 4726; x_wconf 86' lang='lat' dir='ltr'>civum</span> <span class='ocrx_word' id='word_1_457' title='bbox 653 4664 718 4726; x_wconf 91' lang='lat' dir='ltr'>et</span> <span class='ocrx_word' id='word_1_458' title='bbox 760 4662 1121 4726; x_wconf 86' lang='lat' dir='ltr'>sinistrum:</span> <span class='ocrx_word' id='word_1_459' title='bbox 1171 4661 1341 4727; x_wconf 84' lang='lat' dir='ltr'>vadit</span> <span class='ocrx_word' id='word_1_460' title='bbox 1384 4680 1525 4744; x_wconf 88' lang='lat' dir='ltr'>pars</span> <span class='ocrx_word' id='word_1_461' title='bbox 1570 4661 1634 4726; x_wconf 91' lang='lat' dir='ltr'>in</span> <span class='ocrx_word' id='word_1_462' title='bbox 1672 4663 1887 4727; x_wconf 88' lang='lat' dir='ltr'>christi</span> <span class='ocrx_word' id='word_1_463' title='bbox 1950 4664 2198 4727; x_wconf 91' lang='lat' dir='ltr'>nomine</span> <span class='ocrx_word' id='word_1_464' title='bbox 2257 4665 2321 4727; x_wconf 86' lang='lat' dir='ltr'>et</span> <span class='ocrx_word' id='word_1_465' title='bbox 2381 4663 2540 4727; x_wconf 89' lang='lat' dir='ltr'>bona</span> <span class='ocrx_word' id='word_1_466' title='bbox 2597 4664 2831 4746; x_wconf 84' lang='lat' dir='ltr'>gratia,</span> <span class='ocrx_word' id='word_1_467' title='bbox 2897 4680 3107 4727; x_wconf 85' lang='lat' dir='ltr'>omnes</span> 
     </span>
     <span class='ocr_line' id='line_1_46' title="bbox 407 4749 3107 4834; baseline 0 -21"><span class='ocrx_word' id='word_1_468' title='bbox 407 4749 589 4830; x_wconf 85' lang='lat' dir='ltr'>muri,</span> <span class='ocrx_word' id='word_1_469' title='bbox 636 4752 950 4829; x_wconf 76' lang='lat' dir='ltr'>masserio,</span> <span class='ocrx_word' id='word_1_470' title='bbox 994 4750 1215 4830; x_wconf 88' lang='lat' dir='ltr'>cirche‚</span> <span class='ocrx_word' id='word_1_471' title='bbox 1262 4752 1645 4834; x_wconf 86' lang='lat' dir='ltr'>campanule,</span> <span class='ocrx_word' id='word_1_472' title='bbox 1694 4750 1913 4817; x_wconf 90' lang='lat' dir='ltr'>domus</span> <span class='ocrx_word' id='word_1_473' title='bbox 1957 4750 2220 4816; x_wconf 88' lang='lat' dir='ltr'>fratrum</span> <span class='ocrx_word' id='word_1_474' title='bbox 2267 4754 2331 4815; x_wconf 91' lang='lat' dir='ltr'>et</span> <span class='ocrx_word' id='word_1_475' title='bbox 2372 4752 2744 4833; x_wconf 85' lang='lat' dir='ltr'>generaliter</span> <span class='ocrx_word' id='word_1_476' title='bbox 2789 4769 2967 4815; x_wconf 88' lang='lat' dir='ltr'>omne</span> <span class='ocrx_word' id='word_1_477' title='bbox 3012 4750 3107 4813; x_wconf 90' lang='lat' dir='ltr'>la-</span> 
     </span>
    </p>
   </div>
  </div>
 </body>
</html>
