3620 5282
556 374 686 445 292

766 548 1353 634 CCCCXXIII.
1406 548 1612 634 God.
1666 550 1891 635 1392.
1945 553 1997 634 9
2051 549 2496 650 kolovoza‚
2548 571 2609 633 u
2661 550 3056 636 Mletclh.

836 713 1149 796 oqqovara
1192 730 1253 774 se
1296 731 1382 775 na
1424 714 1689 775 namne
1730 712 1982 789 cjorffa
2031 713 2237 788 Topve
2276 715 2613 790 yospoaara
2656 716 2971 792 aramma.

765 870 957 938 1392.
1005 870 1333 936 indictione
1378 869 1518 949 XV,
1564 868 1666 934 die
1711 886 1869 934 nono
1918 869 2150 936 mensis
2196 871 2470 954 augusti.
2539 869 2861 956 Sapientes
2907 869 3154 936 consilii
3203 874 3273 936 et

552 959 862 1043 sapientes
907 959 1208 1026 ordinum.
1259 958 1487 1041 Capta:
1537 958 1693 1040 quod
1740 958 2178 1040 respondeatur
2209 960 2284 1024 ad
2317 959 2441 1024 ista
2473 960 2743 1043 capitala
2772 958 2949 1025 nobis
2984 963 3273 1042 porrecta

550 1066 660 1131 pro
702 1049 876 1132 parte
923 1046 1235 1132 magnifici
1282 1046 1511 1112 domini
1562 1044 1806 1130 Georgii
1855 1047 2044 1131 Topie
2084 1047 2316 1113 domini
2382 1047 2671 1114 Duracbii
2734 1048 2800 1112 in
2862 1048 2978 1112 hac
3022 1048 3264 1113 forma:

548 1141 613 1202 et
656 1138 855 1220 primo
893 1138 968 1202 ad
1015 1137 1285 1219 primum
1331 1133 1691 1217 capitulum,
1738 1155 1846 1217 per
1891 1136 2047 1218 quod
2092 1135 2536 1201 ambasiatores
2582 1135 2676 1201 sui
2725 1154 2834 1201 suo
2883 1137 3126 1201 nomine
3159 1156 3263 1201 re-

547 1225 826 1308 quirunt,
872 1225 1031 1309 quod
1076 1224 1251 1289 nobis
1298 1222 1541 1306 placeat
1586 1223 1949 1288 confirmare
2015 1229 2076 1289 et
2143 1222 2450 1290 ratificare
2517 1243 2626 1307 per
2684 1227 2925 1289 nostras
2973 1226 3262 1307 patentes

546 1313 782 1395 literas,
830 1313 1004 1379 bulla
1049 1331 1233 1377 aurea
1265 1311 1701 1390 communitae,
1736 1311 2220 1378 instrumentum
2252 1314 2573 1394 pactorum
2607 1315 3063 1378 contractorum
3096 1314 3265 1378 inter

546 1400 752 1485 ipsum
797 1410 859 1467 et
900 1401 1170 1467 nobilem
1216 1401 1418 1466 virum
1452 1418 1552 1464 ser
1584 1399 1958 1465 Saracenum
1993 1399 2278 1465 Dandulo
2308 1400 2700 1483 capitaneum
2733 1407 3015 1466 nostrum
3046 1400 3260 1485 culphi

545 1506 729 1572 super
774 1489 936 1555 facto
983 1489 1171 1556 castri
1246 1492 1312 1553 et
1378 1483 1652 1554 civitatis
1719 1487 2037 1566 Durachii,
2096 1493 2160 1553 et
2204 1489 2322 1553 cet.
2373 1524 2450 1535 —
2500 1485 2676 1567 Quod
2720 1488 3020 1554 habentes
3067 1489 3262 1555 immo

543 1597 653 1662 pro
698 1579 964 1645 costanti
1010 1580 1308 1654 tenentes,
1358 1575 1519 1661 quod
1566 1575 1770 1642 dictus
1818 1574 2102 1641 dominus
2147 1576 2423 1658 plenarie
2469 1576 2822 1643 observabit
2865 1576 3043 1643 nobis
3104 1596 3258 1661 que-

545 1684 809 1750 cumque
855 1667 1146 1733 contenta
1189 1666 1253 1731 in
1301 1666 1714 1731 instrumento
1758 1664 2055 1748 predicto,
2103 1663 2378 1730 contenti
2422 1683 2638 1730 sumus
2682 1668 2747 1731 et
2793 1666 2998 1749 placet
3050 1667 3248 1746 nobis,

545 1754 783 1820 dictum
831 1755 1315 1822 instrumentum
1360 1752 1681 1830 ratificari,
1729 1756 1794 1817 et
1837 1753 2159 1836 approbari
2224 1750 2420 1817 facere
2488 1772 2598 1836 per
2660 1757 2902 1820 nostras
2963 1756 3253 1838 patentes

543 1842 779 1921 literas,
828 1843 992 1909 sicut
1036 1841 1375 1926 requirunt,
1417 1842 1853 1922 promittentes
1898 1840 1978 1906 ad
2041 1840 2462 1906 abundantem
2521 1839 2848 1921 cautelam,
2918 1843 3252 1909 secundum

541 1932 702 2015 quod
747 1931 813 1995 in
858 1950 968 1997 suo
1014 1931 1279 1996 secundo
1326 1929 1595 2012 capitulo
1641 1930 2007 2008 continetur,
2055 1948 2174 1995 non
2220 1929 2564 2012 inquietare
2613 1931 2711 1996 vel
2758 1931 3093 1996 molestare
3145 1950 3257 1996 nec

539 2020 867 2103 inquietari
916 2019 1014 2085 vel
1058 2018 1376 2084 molestari
1421 2015 1622 2082 facere
1667 2017 1904 2083 dictum
1966 2019 2281 2083 dominum
2338 2018 2411 2081 de
2475 2024 2643 2084 statu
2690 2020 2756 2084 et
2800 2017 3093 2085 dominio·
3117 2037 3252 2097 suo,
3313 2025 3322 2036 '

538 2109 696 2191 quod
744 2127 907 2174 nunc
952 2110 1140 2186 tenet,
1188 2106 1354 2172 ultra
1399 2105 1842 2171 continentiam
1889 2109 2205 2189 pactorum
2253 2104 2691 2188 predictorum,
2740 2109 2931 2174 donec
2990 2106 3101 2172 illa
3147 2126 3256 2174 no-

538 2196 635 2262 bis
681 2196 1036 2274 servaverit,
1085 2196 1155 2261 ut
1200 2195 1482 2278 superius
1526 2194 1625 2258 est
1664 2213 2040 2277 expressum.

750 2302 849 2368 Ad
882 2300 1143 2367 tercium
1172 2300 1237 2365 et
1265 2301 1556 2382 quartum
1585 2297 1923 2380 capitulum
1957 2299 2354 2380 continentia,
2381 2300 2544 2383 quod
2568 2300 2903 2366 debeamus
2927 2300 3253 2366 comittere

537 2392 856 2474 capitaneo
901 2391 1111 2456 nostro
1157 2387 1384 2471 culpby
1450 2387 1722 2471 presenti
1787 2387 1855 2451 et
1920 2386 2166 2466 futuris,
2238 2388 2397 2471 quod
2445 2387 2667 2454 debeat
2727 2393 3006 2472 prestare
3051 2390 3251 2454 eidem

535 2480 784 2546 domino
826 2477 1086 2562 Georgio
1131 2475 1427 2541 auxilium
1473 2476 1539 2540 et
1581 2473 1853 2541 favorem
1899 2475 1963 2541 in
2010 2476 2377 2560 acquirendo
2421 2477 2560 2542 iura
2606 2478 2682 2542 de
2711 2495 2899 2561 prope
2942 2477 3247 2543 marinam

536 2587 608 2634 ac
654 2567 938 2634 civitates
984 2568 1049 2632 et
1094 2569 1296 2630 castra
1338 2564 1403 2630 in
1446 2562 1573 2628 illis
1621 2564 1899 2647 partibus
1944 2562 2276 2629 existentia
2323 2583 2433 2630 nec
2480 2583 2599 2630 nou
2638 2566 2862 2630 turrim
2906 2565 3026 2631 Del
3058 2565 3244 2652 Pirgo

537 2659 602 2724 et
644 2660 776 2734 cet;
848 2692 933 2705 —-
993 2655 1454 2738 respondeatur,
1519 2653 1683 2736 quod
1751 2654 2034 2718 dominus
2080 2651 2381 2737 Georgius
2426 2654 2611 2720 debet
2656 2674 2791 2720 esse
2838 2654 3248 2731 certissimus,

536 2746 696 2830 quod
727 2763 838 2811 nos
872 2762 1155 2811 amamus
1185 2761 1323 2807 eum
1358 2742 1422 2806 et
1452 2742 1688 2805 statum
1721 2758 1902 2807 suum
1944 2741 2300 2807 cordialiter
2329 2743 2648 2826 tamquam
2683 2742 3246 2826 singularissimum

536 2833 804 2899 amicum
850 2833 1151 2909 nostrum,
1201 2831 1289 2894 ita
1334 2826 1494 2913 quod
1542 2828 1767 2907 omnia,
1817 2848 1933 2912 que
1980 2828 2178 2894 facere
2223 2830 2561 2913 poterimus
2608 2849 2749 2897 cum
2779 2832 3009 2897 bonore
3039 2834 3250 2896 nostro

536 2941 644 3006 pro
687 2921 842 2987 bono
887 2923 1091 2986 status
1139 2918 1256 2995 sui,
1302 2922 1367 2983 et
1414 2934 1524 3001 pro
1570 2916 2021 2982 reconciliando
2071 2937 2210 2982 eum
2260 2936 2401 2983 cum
2449 2919 2875 2985 circhavicinis
2920 2920 3055 2985 suis
3103 2920 3249 2984 faci·

537 3029 713 3077 emus
760 3028 1002 3092 semper
1043 3006 1331 3073 alacriter
1376 3008 1439 3070 et
1483 3004 1769 3081 libenter,
1818 3011 1882 3070 et
1929 3007 2018 3071 ita
2072 3003 2302 3071 facient
2369 3006 2671 3090 capitanei
2738 3008 2935 3074 nostri
3002 3008 3249 3093 culphy,

534 3098 760 3184 quibus
805 3098 920 3162 hoc
962 3096 1248 3162 dabimus
1283 3094 1347 3159 in
1395 3092 1724 3160 mandatis.

744 3202 845 3269 Ad
890 3204 1171 3287 quintum
1220 3200 1581 3283 capitulum,
1615 3219 1725 3283 per
1786 3201 1945 3285 quod
1993 3200 2331 3284 requirunt,
2378 3201 2539 3284 quod
2583 3199 2976 3267 removeatur
3020 3200 3087 3265 et
3130 3200 3253 3266 ele-

534 3294 713 3362 vetur
759 3292 840 3358 de
881 3292 1134 3358 civitate
1194 3288 1493 3354 Durachii
1553 3288 1665 3352 illa
1730 3292 1991 3369 moneta,
2056 3308 2173 3371 que
2251 3293 2505 3354 vocatur
2580 3288 2669 3355 ibi
2743 3287 2969 3354 coracii
3026 3289 3092 3353 et
3159 3287 3253 3354 est

534 3384 885 3448 nostrorum
929 3379 1358 3456 tornesiorum,
1407 3377 1551 3460 quia
1611 3376 1824 3459 speudi
1885 3392 2006 3442 nou
2064 3380 2287 3460 potest,
2335 3380 2399 3442 et
2443 3376 2744 3443 redundat
2802 3376 2868 3442 in
2914 3377 3248 3442 maximum

535 3472 827 3536 damnum
875 3469 1065 3533 totius
1126 3464 1578 3532 communitatis
1638 3468 1702 3530 et
1746 3468 1897 3542 cet.;
1963 3501 2037 3511 —
2101 3466 2561 3547 respondeatur,
2625 3463 2786 3548 quod
2842 3483 2954 3529 nos
3000 3481 3252 3550 cognos-

536 3559 746 3624 centes
793 3557 858 3621 et
898 3557 1186 3631 videntes,
1235 3555 1394 3638 quod
1440 3553 1609 3618 dicta
1646 3556 1892 3619 moneta
1942 3554 2233 3618 currebat
2276 3557 2340 3620 et
2399 3553 2814 3637 spendebatur
2856 3551 2920 3616 in
2967 3552 3251 3619 omuibus

535 3646 814 3731 partibus
874 3643 1175 3709 Romanie
1229 3645 1295 3708 et
1348 3644 1409 3707 in
1457 3641 1737 3724 partibus
1784 3643 1872 3707 ibi
1919 3641 2346 3707 circhavicinis
2394 3661 2533 3707 cum
2582 3641 2804 3707 maiori
2850 3642 3102 3706 comodo
3146 3659 3252 3724 po-

534 3734 824 3819 pulorum
888 3750 1071 3816 quam
1140 3731 1336 3796 nostri
1397 3729 1642 3807 soldini,
1712 3731 2216 3813 principiavimus
2292 3729 2445 3795 illuc
2505 3731 2755 3796 mittere
2823 3729 2897 3794 de
2967 3728 3250 3794 tornesiis

535 3822 891 3896 antedictis3
939 3819 1047 3885 sed
1093 3822 1419 3902 postquam
1450 3817 1684 3896 dicunt,
1719 3819 1884 3901 quod
1917 3838 2034 3883 non
2066 3821 2164 3883 est
2193 3817 2281 3883 eis
2327 3817 2518 3882 utilis·
2549 3819 2653 3882 sed
2699 3816 3016 3895 damnosa,
3063 3819 3252 3883 resta-

537 3913 745 3977 bimus
805 3907 880 3975 de
936 3908 1237 3973 mittendo
1281 3906 1549 3989 amplius
1594 3906 1669 3970 de
1739 3908 1906 3972 dicta
1953 3910 2218 3986 moneta,
2285 3906 2432 3991 quia
2483 3905 2786 3971 nollemus
2851 3905 3056 3970 facere
3102 3924 3250 3984 rem,

536 4019 654 4084 que
698 3999 993 4064 damnosa
1039 3998 1202 4061 esset
1246 3994 1498 4060 eisdem.

747 4102 842 4168 Ad
889 4103 1131 4168 sextum
1177 4099 1522 4184 capitulum
1571 4102 1913 4179 continens,
1961 4101 2119 4184 quod
2186 4098 2520 4182 dignemur
2582 4100 2728 4164 dare
2790 4097 3125 4164 arbitrium
3192 4098 3253 4162 et

539 4193 904 4277 potestatem
951 4190 1071 4273 ipsi
1117 4189 1366 4254 domino
1413 4190 1708 4255 Durachii
1756 4188 2146 4254 assecurandi
2193 4186 2600 4265 Albanenses,
2645 4187 2752 4270 qui
2799 4189 2974 4252 stant
3006 4187 3069 4251 in
3102 4185 3256 4251 'I'ur-

538 4281 678 4346 chia
723 4282 789 4346 et
831 4279 1065 4344 vellent
1110 4276 1317 4343 venire
1363 4278 1440 4342 ad
1488 4277 1896 4343 habitandum
1954 4277 2012 4341 iu
2076 4275 2392 4343 Durachio
2457 4279 2520 4341 et
2579 4273 2869 4340 districtu
2923 4293 3068 4339 cum
3116 4293 3253 4359 per-

539 4371 707 4434 sonis
754 4369 820 4433 et
861 4368 1034 4433 bonis
1097 4366 1247 4442 suiS,
1310 4367 1471 4449 quod
1530 4383 1744 4430 secure
1797 4366 2086 4447 poterunt
2145 4364 2233 4428 ibi
2279 4368 2472 4442 stare,
2520 4365 2584 4429 et
2624 4364 2784 4445 quod
2830 4363 3147 4428 stantibus
3193 4364 3256 4428 et

537 4455 970 4521 habitantibus
1029 4454 1117 4519 ibi
1185 4454 1619 4519 tractabuntur
1688 4472 1799 4536 pro
1870 4455 1939 4517 ut
1999 4454 2353 4518 tractantur
2399 4452 2505 4518 alii
2554 4451 2718 4517 cives
2771 4451 3100 4525 Durachiiz
3172 4487 3255 4498 —

538 4543 994 4625 respondeatur,
1043 4543 1201 4625 quod
1247 4561 1464 4606 sumus
1511 4541 1788 4607 contenti
1847 4543 1913 4605 et
1979 4541 2184 4623 placet
2244 4542 2447 4619 nobis,
2516 4541 2680 4625 quod
2725 4540 2928 4605 dictus
2975 4538 3256 4605 domiuus

541 4630 837 4694 Durachii
884 4629 1080 4729 possit
1124 4647 1477 4729 assecurare
1546 4628 1934 4729 albanens-es
1998 4629 2327 4710 predictos,
2401 4630 2504 4714 qui
2565 4628 2775 4694 volent
2842 4647 2906 4694 se
2971 4628 3258 4693 reducere

537 4717 2081 4870 fixam}‘zeffebz‘ssssnssszzff&311332'1‘3'532
2114 4717 2480 4872 fflffzt
2500 4716 3256 4889 ῗέἓῑῗιεᾶέοέῗέῗὲοέξῑῐ
