3620 5282
2986 357 3115 422 289

380 528 665 610 minoqne
712 529 932 611 quarte
981 529 1177 609 partis
1224 530 1288 591 et
1328 528 1578 592 dimidie
1627 528 1822 593 totius
1895 528 2133 610 imperii
2194 527 2494 593 Romanis
2542 530 2658 593 etc.
2707 530 2949 596 domino
3016 552 3112 597 re-

382 617 662 680 verendo.

590 703 1127 768 Excellentissime
1175 704 1692 768 dominenoster.
1744 703 2001 768 Noverit
2045 706 2257 767 vestra
2320 703 2719 783 excellentia,
2784 707 2942 788 quod
3005 706 3103 771 die

381 809 535 854 nono
583 792 761 856 huius
810 791 1113 873 presentis
1162 793 1390 855 mensis
1441 792 1782 874 recepimus
1830 792 2135 873 quandam
2193 791 2470 855 litteram
2535 810 2572 855 a
2619 793 2846 857 comite
2893 794 3106 870 Paulo,

383 879 821 955 continentem,
872 879 1029 961 quod
1076 879 1170 942 illi
1226 881 1297 943 de
1347 879 1657 944 Scardona
1688 897 1807 943 non
1838 880 2272 943 contentantur
2319 884 2485 943 stare
2533 880 2646 943 sub
2693 881 2959 945 dominio
3007 882 3113 946 do-

380 966 528 1030 mini
578 966 970 1049 imperatoris
1001 965 1214 1043 Raxie,
1263 967 1422 1031 sicut
1470 986 1575 1048 per
1625 967 1868 1031 litteras
1915 968 1979 1030 in
2022 966 2289 1048 presenti
2337 967 2708 1032 interclusas
2758 969 2960 1034 videre
2999 988 3110 1053 po-

380 1054 606 1118 teritiS.
658 1054 966 1118 Scivimus
1014 1056 1228 1132 eciam,
1278 1054 1439 1135 quod
1487 1056 1546 1118 in
1587 1055 1807 1118 Tinino
1856 1056 1940 1118 sit
2003 1057 2273 1119 maxima
2336 1056 2734 1139 congregatio
2801 1058 3106 1139 gencium,

383 1141 487 1205 sed
538 1141 614 1205 ad
662 1142 805 1224 quid
858 1144 1183 1206 nescimus.
1259 1142 1347 1205 Ex
1398 1143 1617 1223 quibus
1664 1144 1839 1206 novis
1886 1144 2082 1207 visum
2131 1141 2250 1206 fuit
2296 1143 2504 1219 nobie,
2570 1146 2728 1225 quod
2792 1163 2946 1209 unus
3006 1165 3112 1211 no-

378 1232 578 1293 strum
644 1231 761 1293 iret
832 1228 1184 1294 Sibenicnm
1248 1232 1313 1293 et
1381 1248 1519 1293 cum
1585 1231 1812 1294 comite
1876 1228 2142 1294 Sibenici
2210 1231 2527 1295 notificare
2590 1232 2702 1295 hec
2749 1233 2958 1296 omnia
3006 1252 3110 1298 ca-

381 1316 645 1381 stellano
693 1315 1093 1381 Scardonensi
1142 1335 1211 1380 eo
1251 1319 1427 1381 modo
1476 1319 1541 1380 et
1585 1319 1700 1395 via,
1752 1321 1823 1381 ut
1869 1318 1924 1382 ei
1973 1319 2199 1382 melius
2247 1318 2579 1396 videbitur,
2634 1322 2697 1383 et
2740 1320 2909 1383 vadit
2957 1321 3107 1385 illuc

385 1404 689 1487 Mapheus
733 1403 1098 1470 Contareno.
1146 1405 1278 1486 Ego
1328 1423 1467 1468 vero
1508 1405 1872 1470 Dominicus
1919 1405 2186 1469 Michael
2235 1424 2529 1470 remaneo
2577 1405 2641 1470 in
2691 1406 2961 1488 Spalato.
3028 1408 3110 1472 Et

383 1511 741 1574 responsum
788 1491 1048 1557 fecimus
1096 1493 1308 1555 comiti
1372 1493 1563 1556 Paulo
1631 1494 1902 1575 predicto
1966 1495 2164 1557 tenori
2222 1512 2475 1557 suarum
2541 1493 2893 1558 litterarum
2963 1514 3104 1560 cum

385 1577 510 1643 illis
555 1580 773 1659 verbiS,
832 1585 1017 1663 prout
1058 1580 1231 1644 nobis
1277 1581 1477 1644 visum
1528 1580 1665 1658 fuit,
1713 1580 1911 1644 dando
1958 1582 2013 1644 ei
2060 1581 2598 1663 prolongacionem
2649 1583 2993 1660 verborum,
3044 1587 3108 1646 et

381 1667 473 1731 sic
520 1665 801 1734 facimus.
859 1670 1048 1732 donec
1111 1686 1148 1731 a
1195 1672 1402 1732 vestra
1462 1668 1889 1732 dominacione
1952 1669 2317 1733 habebimus
2378 1668 2820 1751 responsivam.
2900 1670 3108 1735 Rocha

383 1757 591 1819 autem
638 1755 831 1819 castri
882 1754 1144 1832 Clisscii,
1191 1758 1373 1837 prout
1421 1757 1595 1820 vobis
1643 1756 1826 1820 aliter
1865 1757 2261 1838 scripsimuS,
2329 1760 2577 1820 tenetur
2636 1776 2745 1838 per
2791 1758 3106 1823 dominum

380 1842 751 1907 Palmanum
799 1844 1041 1907 nomine
1088 1844 1319 1907 domini
1365 1844 1755 1925 imperatoris
1804 1843 2016 1919 Raxie,
2066 1844 2430 1926 suburgium
2478 1847 2686 1907 autem
2737 1862 2874 1908 cum
2925 1847 3103 1927 porta

379 1931 688 2011 superiore
737 1935 799 1994 et
844 1950 983 1995 cum
1030 1949 1210 2006 saxO,
1259 1931 1418 2012 quod
1466 1935 1723 1995 vocatur
1768 1930 2031 2013 Oprack,
2080 1935 2250 1996 tenet
2296 1932 2582 1995 dominus
2611 1931 2807 1995 banus
2857 1934 3101 1997 nomine

376 2018 540 2100 regis
579 2018 919 2101 Hungarie.
969 2018 1179 2100 Aliqui
1206 2037 1277 2081 ex
1320 2019 1459 2082 istis
1484 2019 1765 2100 partibus
1798 2019 2049 2083 allocuti
2077 2019 2324 2083 fuerunt
2362 2021 2678 2083 nobiscum
2736 2023 3101 2097 asserenteS‚

380 2105 538 2188 quod
585 2107 636 2169 si
684 2107 985 2170 vellemus
1032 2105 1306 2189 aliquam
1355 2107 1607 2187 pecunie
1655 2108 2070 2190 quantitatem
2134 2107 2463 2172 concedere
2528 2106 2777 2170 domino
2840 2107 3098 2172 Nicolao

382 2193 540 2257 bano
587 2194 883 2276 predicto,
931 2193 1090 2275 quod
1156 2195 1288 2275 ipse
1350 2194 1698 2258 dimitteret
1759 2195 1925 2259 dicto
1990 2194 2238 2258 domino
2301 2195 2600 2258 Palmano
2662 2195 2897 2266 totum,
2946 2195 3105 2276 quod

381 2280 554 2345 tenet
594 2282 669 2345 de
717 2280 997 2357 Clisscio,
1048 2284 1119 2346 ut
1162 2282 1295 2363 ipse
1344 2281 1700 2345 Palmanus·
1728 2283 2019 2365 primitus
2065 2284 2337 2359 tenebat,
2389 2285 2453 2346 et
2496 2282 2628 2365 ipse
2655 2283 2850 2346 banus
2900 2302 3103 2346 rever-

378 2371 619 2433 teretur
658 2369 737 2432 ad
785 2388 928 2433 suas
974 2372 1201 2451 partes„
1253 2388 1401 2450 quas
1449 2372 1621 2433 tenet
1665 2388 1773 2452 pro
1822 2370 2066 2434 domino
2115 2389 2276 2453 rege.
2326 2368 2562 2448 Quibus
2606 2370 2809 2435 verbis
2855 2388 3106 2453 respon-

376 2473 514 2519 sum
561 2456 837 2533 fecimus,
883 2456 1047 2539 quod
1094 2456 1213 2539 ipsi
1262 2458 1556 2521 deberent
1603 2459 1945 2539 persentire
1994 2458 2072 2521 ab
2136 2459 2266 2539 ipso
2330 2458 2579 2521 domino
2648 2461 2804 2522 bano
2850 2458 2925 2522 de
2994 2476 3107 2522 sua

374 2543 734 2622 intentione,
783 2546 847 2609 et
891 2545 1048 2627 quod
1097 2544 1463 2626 exprimant,
1512 2547 1812 2627 quantam
1861 2546 2114 2629 pecunie
2179 2548 2591 2627 quantitatem
2640 2546 2845 2623 vellet,
2892 2548 2956 2609 et
2997 2564 3104 2610 no-

376 2631 575 2697 tificet
620 2632 816 2710 nobie,
866 2652 1018 2716 qnos
1065 2632 1446 2697 intendimus
1498 2634 1719 2698 ducere
1769 2634 1833 2697 in
1883 2634 2413 2716 prolongationem
2483 2634 2843 2710 verborum,
2913 2633 3107 2699 donec

376 2737 413 2782 a
461 2721 630 2784 vobis
678 2740 860 2803 super
904 2722 1020 2786 hoc
1068 2720 1433 2785 babebimus
1484 2723 1928 2803 responsivam.
1978 2721 2441 2785 Niobilominus
2488 2721 2648 2785 idem
2684 2723 2967 2786 dominus
3000 2723 3107 2787 ba·

376 2826 511 2870 nus-
537 2808 831 2873 fortificat
876 2827 941 2873 se
988 2811 1047 2873 in
1095 2808 1260 2873 dicto
1308 2828 1452 2873 saxo
1499 2807 1762 2887 Clisscii,
1827 2813 2125 2892 quantum
2192 2811 2412 2891 potest,
2480 2812 2610 2873 tam
2668 2811 2741 2873 de
2804 2809 3099 2874 hedeficio

377 2895 540 2959 muri
583 2914 768 2978 quam
817 2895 1197 2979 lignaminiS.
1246 2894 1470 2961 Omnia
1515 2899 1722 2960 autem
1769 2898 1882 2961 hec
1929 2915 2085 2961 nova
2152 2899 2284 2960 tam
2333 2897 2496 2960 dicto
2543 2896 2787 2960 domino
2839 2898 3107 2979 impera-

378 2983 495 3048 tori
541 2983 732 3048 Raxie
779 3003 965 3067 quam
1010 2984 1200 3048 etiam
1249 2984 1493 3049 domino
1542 2984 1778 3049 Jacobo
1824 2984 2065 3050 Delfino
2113 3004 2221 3067 per
2268 2983 2474 3067 plures
2541 3003 2761 3048 manus
2811 2986 2953 3048 nota
3014 2984 3104 3050 fe-

375 3070 591 3148 cimus,
639 3090 795 3136 nova
843 3091 983 3137 vero
1030 3071 1153 3135 alia
1202 3090 1321 3136 non
1370 3072 1688 3137 habemus.
1742 3073 1807 3138 Si
1857 3091 1976 3155 qua
2022 3090 2163 3136 vero
2212 3071 2611 3154 postmodum
2658 3072 2783 3135 alia
2848 3090 3103 3137 occure-

374 3161 514 3222 rent
550 3160 1005 3237 conscribenda‚
1054 3160 1269 3224 statim
1322 3160 1726 3225 dominationi
1789 3168 1991 3225 vestre
2038 3160 2505 3243 procurabimus
2569 3162 2877 3224 denotare.
2939 3159 3101 3244 Sup-

377 3245 535 3328 plico
583 3249 791 3311 tamen
840 3266 951 3331 ego
1000 3248 1363 3312 Dominicus
1425 3248 1730 3327 Michael,
1794 3250 1952 3330 quod
2020 3249 2074 3311 si
2139 3250 2343 3313 vestre
2409 3247 2810 3312 dominationi
2873 3249 3097 3332 placet,

377 3334 538 3416 quod
583 3354 936 3400 remaneam
986 3337 1045 3400 in
1094 3336 1374 3418 partibus
1421 3335 1583 3412 istis,
1633 3336 1790 3419 quod
1838 3335 2180 3419 dignemini
2238 3336 2315 3399 ad
2383 3355 2482 3399 me
2530 3356 2716 3400 unum
2786 3337 3099 3401 notarium

373 3422 816 3501 transmittere,
865 3426 1008 3507 quia
1053 3443 1167 3488 nou
1216 3442 1464 3505 possum
1499 3423 1601 3488 hic
1625 3426 1850 3489 habere
1876 3425 2164 3507 aliquem,
2215 3424 2321 3507 qui
2348 3423 2537 3488 michi
2561 3424 2813 3498 scribat,
2852 3424 3096 3507 quando

372 3513 467 3573 est
512 3529 779 3575 necesse.
829 3511 992 3576 Data
1039 3510 1274 3594 Spaleti
1323 3511 1419 3575 die
1464 3510 1587 3574 XII
1636 3512 1995 3576 decembris
2050 3512 2407 3576 Dominicus
2455 3511 2743 3590 Michael,
2796 3512 3097 3596 Mapheus
3139 3575 3162 3596 ,

375 3594 771 3677 Contarenus,
822 3600 895 3664 de
941 3603 1147 3664 vestro
1195 3599 1490 3664 mandato
1537 3601 1878 3681 provisores
1923 3601 2000 3663 ad
2047 3602 2254 3682 partes
2304 3599 2649 3664 Sclavonie.

463 3689 746 3748 Izvornik
790 3708 875 3749 na
917 3693 1140 3764 papiru
1185 3709 1228 3751 u
1269 3691 1608 3750 mlctackom
1654 3692 1890 3751 arhiv-u.

583 3930 1218 4014 CCCCXXXII.
1292 3932 1500 4015 God.
1555 3932 1778 4017 1355.
1834 3931 1930 4014 15
1979 3933 2410 4032 prosince,
2465 3955 2527 4014 u
2584 3931 2888 4013 Zadru.

372 4076 538 4136 Knez
581 4078 866 4138 zadarski
898 4080 1100 4152 ,φἀυζῇα
1141 4096 1172 4137 0
1218 4078 1570 4150 nastojanju
1616 4076 1859 4152 Gryura
1905 4077 2271 4151 lorbavskoya
2317 4076 2536 4145 kneza,
2599 4076 2679 4132 da
2722 4092 2783 4132 se
2816 4076 3097 4148 primirjc

896 4168 1094 4239 medju
1138 4167 1503 4240 republikom
1544 4166 1570 4222 113
1614 4166 1940 4238 wan-hri).
1990 4166 2238 4237 kraljem
2284 4163 2549 4222 utanaci.

580 4302 986 4369 Serenissimo
1034 4307 1096 4368 et
1143 4303 1657 4368 excellentissimo
1701 4304 1943 4367 domino
1992 4322 2097 4366 suo
2144 4302 2386 4366 domino
2429 4300 2699 4365 Johanni
2749 4299 3095 4365 Gradonico

371 4386 469 4453 dei
515 4391 727 4472 gracia
774 4391 1198 4468 Venetiarum,
1250 4390 1566 4456 Dalmatie
1612 4392 1796 4473 atque
1847 4388 2092 4454 Croatie
2139 4390 2351 4454 inclito
2377 4388 2539 4463 duci,
2588 4387 2839 4451 domino
2875 4392 3095 4471 quarte

367 4477 559 4558 partis
606 4480 668 4542 et
714 4478 967 4543 dimidie
1014 4480 1213 4544 tocius
1260 4478 1506 4561 imperii
1555 4478 1874 4548 Romanis.
1933 4477 2334 4542 Serenissime
2379 4475 2626 4540 domine
2693 4475 2800 4538 mi.
2874 4475 3094 4540 Comes

365 4562 695 4647 Gregorius
743 4564 1039 4631 Corbavie
1103 4586 1244 4649 sepe
1309 4566 1463 4631 mihi
1528 4566 1677 4629 fecit
1724 4565 1961 4647 exponi,
2011 4568 2074 4628 et
2122 4584 2226 4645 per
2273 4582 2418 4627 suas
2469 4562 2712 4626 litteras
2763 4563 2952 4627 etiam
3005 4565 3097 4626 in-

362 4651 627 4729 timavit,
678 4652 836 4735 quod
883 4654 1016 4737 ipse
1061 4655 1293 4719 tractat
1349 4657 1673 4735 treuguam
1737 4654 1899 4717 inter
1959 4653 2189 4716 banum
2256 4653 2320 4714 et
2369 4650 2701 4731 Hungaros
2780 4669 2852 4714 ex
2913 4650 3089 4731 parte

362 4757 499 4818 una,
547 4742 612 4804 et
658 4758 777 4819 me,
824 4759 931 4806 seu
970 4741 1229 4808 Jadram
1261 4745 1324 4807 et
1345 4742 1608 4819 Nonam,
1658 4760 1729 4805 ex
1776 4740 1995 4817 altera,
2044 4742 2109 4804 et
2154 4756 2316 4801 nunc
2366 4736 2590 4802 ultimo
2639 4737 2890 4818 scripsit
2921 4734 3126 4809 mihi,·

446 4858 643 4910 seon.
675 4860 777 4914 111.
2761 4840 2843 4906 19
