<?xml version="1.0" encoding="UTF-8"?>
<!DOCTYPE html PUBLIC "-//W3C//DTD XHTML 1.0 Transitional//EN"
    "http://www.w3.org/TR/xhtml1/DTD/xhtml1-transitional.dtd">
<html xmlns="http://www.w3.org/1999/xhtml" xml:lang="en" lang="en">
 <head>
  <title>
</title>
<meta http-equiv="Content-Type" content="text/html;charset=utf-8" />
  <meta name='ocr-system' content='tesseract 3.04.00' />
  <meta name='ocr-capabilities' content='ocr_page ocr_carea ocr_par ocr_line ocrx_word'/>
</head>
<body>
  <div class='ocr_page' id='page_1' title='image "./monumentaspecta02umjegoog_0286.png"; bbox 0 0 3620 5282; ppageno 0'>
   <div class='ocr_carea' id='block_1_1' title="bbox 502 316 636 384">
    <p class='ocr_par' dir='ltr' id='par_1_1' title="bbox 502 316 636 384">
     <span class='ocr_line' id='line_1_1' title="bbox 502 316 636 384; baseline 0 0"><span class='ocrx_word' id='word_1_1' title='bbox 502 316 636 384; x_wconf 73' lang='lat'><strong>234</strong></span> 
     </span>
    </p>
   </div>
   <div class='ocr_carea' id='block_1_2' title="bbox 496 490 3235 2057">
    <p class='ocr_par' dir='ltr' id='par_1_2' title="bbox 496 490 3235 1541">
     <span class='ocr_line' id='line_1_2' title="bbox 502 490 3232 578; baseline -0 -19"><span class='ocrx_word' id='word_1_2' title='bbox 502 493 565 559; x_wconf 91' lang='lat' dir='ltr'><strong>in</strong></span> <span class='ocrx_word' id='word_1_3' title='bbox 611 492 751 559; x_wconf 86' lang='lat' dir='ltr'><strong>istis</strong></span> <span class='ocrx_word' id='word_1_4' title='bbox 789 490 1010 569; x_wconf 87' lang='lat' dir='ltr'><strong>dubiis,</strong></span> <span class='ocrx_word' id='word_1_5' title='bbox 1060 491 1381 559; x_wconf 74' lang='lat' dir='ltr'><strong>hortamur</strong></span> <span class='ocrx_word' id='word_1_6' title='bbox 1426 512 1553 572; x_wconf 85' lang='lat' dir='ltr'><strong>vos,</strong></span> <span class='ocrx_word' id='word_1_7' title='bbox 1601 494 1905 577; x_wconf 85' lang='lat' dir='ltr'><strong>quatenus</strong></span> <span class='ocrx_word' id='word_1_8' title='bbox 1952 495 2164 559; x_wconf 86' lang='lat' dir='ltr'><strong>taliter</strong></span> <span class='ocrx_word' id='word_1_9' title='bbox 2224 493 2606 577; x_wconf 75' lang='lat' dir='ltr'><strong>provideatis</strong></span> <span class='ocrx_word' id='word_1_10' title='bbox 2652 493 2729 560; x_wconf 91' lang='lat' dir='ltr'><strong>de</strong></span> <span class='ocrx_word' id='word_1_11' title='bbox 2773 494 2864 560; x_wconf 90' lang='lat' dir='ltr'><strong>eis</strong></span> <span class='ocrx_word' id='word_1_12' title='bbox 2892 540 2910 573; x_wconf 84' lang='lat'>‚</span> <span class='ocrx_word' id='word_1_13' title='bbox 2957 495 3122 578; x_wconf 77' lang='lat' dir='ltr'><strong>quod</strong></span> <span class='ocrx_word' id='word_1_14' title='bbox 3167 498 3232 559; x_wconf 78' lang='lat' dir='ltr'><strong>in</strong></span> 
     </span>
     <span class='ocr_line' id='line_1_3' title="bbox 501 577 3232 666; baseline 0.001 -21"><span class='ocrx_word' id='word_1_15' title='bbox 501 598 653 646; x_wconf 88' lang='lat' dir='ltr'><strong>casu</strong></span> <span class='ocrx_word' id='word_1_16' title='bbox 699 577 902 662; x_wconf 88' lang='lat' dir='ltr'><strong>aliquo</strong></span> <span class='ocrx_word' id='word_1_17' title='bbox 947 580 1157 647; x_wconf 90' lang='lat' dir='ltr'><strong>nostro</strong></span> <span class='ocrx_word' id='word_1_18' title='bbox 1204 580 1399 646; x_wconf 89' lang='lat' dir='ltr'><strong>statui</strong></span> <span class='ocrx_word' id='word_1_19' title='bbox 1444 599 1565 646; x_wconf 91' lang='lat' dir='ltr'><strong>non</strong></span> <span class='ocrx_word' id='word_1_20' title='bbox 1612 581 1857 664; x_wconf 77' lang='lat' dir='ltr'>possint</span> <span class='ocrx_word' id='word_1_21' title='bbox 1901 601 2035 647; x_wconf 90' lang='lat' dir='ltr'><strong>esse</strong></span> <span class='ocrx_word' id='word_1_22' title='bbox 2081 600 2363 647; x_wconf 88' lang='lat' dir='ltr'><strong>nocuum.</strong></span> <span class='ocrx_word' id='word_1_23' title='bbox 2427 581 2590 648; x_wconf 83' lang='lat' dir='ltr'><strong>Nam</strong></span> <span class='ocrx_word' id='word_1_24' title='bbox 2636 582 2790 648; x_wconf 90' lang='lat' dir='ltr'><strong>licet</strong></span> <span class='ocrx_word' id='word_1_25' title='bbox 2832 583 2908 647; x_wconf 92' lang='lat' dir='ltr'><strong>de</strong></span> <span class='ocrx_word' id='word_1_26' title='bbox 2952 582 3067 648; x_wconf 90' lang='lat' dir='ltr'><strong>hoc</strong></span> <span class='ocrx_word' id='word_1_27' title='bbox 3099 582 3232 666; x_wconf 87' lang='lat' dir='ltr'><strong>ple-</strong></span> 
     </span>
     <span class='ocr_line' id='line_1_4' title="bbox 503 668 3230 753; baseline 0.001 -21"><span class='ocrx_word' id='word_1_28' title='bbox 503 687 650 734; x_wconf 82' lang='lat' dir='ltr'><strong>nam</strong></span> <span class='ocrx_word' id='word_1_29' title='bbox 695 668 1053 733; x_wconf 87' lang='lat' dir='ltr'><strong>libertatem</strong></span> <span class='ocrx_word' id='word_1_30' title='bbox 1102 671 1167 735; x_wconf 90' lang='lat' dir='ltr'><strong>et</strong></span> <span class='ocrx_word' id='word_1_31' title='bbox 1214 668 1549 736; x_wconf 78' lang='lat' dir='ltr'><strong>arbitrium</strong></span> <span class='ocrx_word' id='word_1_32' title='bbox 1594 669 1879 735; x_wconf 86' lang='lat' dir='ltr'><strong>habeatis</strong></span> <span class='ocrx_word' id='word_1_33' title='bbox 1933 669 2247 753; x_wconf 78' lang='lat' dir='ltr'><strong>relegandi</strong></span> <span class='ocrx_word' id='word_1_34' title='bbox 2294 670 2358 734; x_wconf 90' lang='lat' dir='ltr'><strong>et</strong></span> <span class='ocrx_word' id='word_1_35' title='bbox 2402 669 2750 736; x_wconf 87' lang='lat' dir='ltr'><strong>confinandi</strong></span> <span class='ocrx_word' id='word_1_36' title='bbox 2820 687 2895 735; x_wconf 82' lang='lat' dir='ltr'><strong>ac</strong></span> <span class='ocrx_word' id='word_1_37' title='bbox 2942 670 3230 736; x_wconf 86' lang='lat' dir='ltr'><strong>mittendi</strong></span> 
     </span>
     <span class='ocr_line' id='line_1_5' title="bbox 502 755 3235 842; baseline 0.001 -21"><span class='ocrx_word' id='word_1_38' title='bbox 502 774 630 835; x_wconf 84' lang='lat' dir='ltr'><strong>eos,</strong></span> <span class='ocrx_word' id='word_1_39' title='bbox 676 756 786 821; x_wconf 90' lang='lat' dir='ltr'><strong>ubi</strong></span> <span class='ocrx_word' id='word_1_40' title='bbox 827 755 1166 835; x_wconf 85' lang='lat' dir='ltr'><strong>volueritis,</strong></span> <span class='ocrx_word' id='word_1_41' title='bbox 1214 756 1654 822; x_wconf 85' lang='lat' dir='ltr'><strong>nichilominus</strong></span> <span class='ocrx_word' id='word_1_42' title='bbox 1700 757 1921 822; x_wconf 91' lang='lat' dir='ltr'><strong>damus</strong></span> <span class='ocrx_word' id='word_1_43' title='bbox 1960 776 2067 839; x_wconf 90' lang='lat' dir='ltr'><strong>per</strong></span> <span class='ocrx_word' id='word_1_44' title='bbox 2113 759 2355 822; x_wconf 87' lang='lat' dir='ltr'><strong>nostras</strong></span> <span class='ocrx_word' id='word_1_45' title='bbox 2420 757 2669 823; x_wconf 74' lang='lat' dir='ltr'><strong>litteras</strong></span> <span class='ocrx_word' id='word_1_46' title='bbox 2733 756 3029 842; x_wconf 72' lang='lat' dir='ltr'><strong>alligatas</strong></span> <span class='ocrx_word' id='word_1_47' title='bbox 3095 772 3235 841; x_wconf 83' lang='lat' dir='ltr'><strong>pro-</strong></span> 
     </span>
     <span class='ocr_line' id='line_1_6' title="bbox 513 843 3235 929; baseline 0.001 -20"><span class='ocrx_word' id='word_1_48' title='bbox 513 845 738 910; x_wconf 83' lang='lat' dir='ltr'><strong>sentes</strong></span> <span class='ocrx_word' id='word_1_49' title='bbox 781 843 1008 909; x_wconf 89' lang='lat' dir='ltr'><strong>nostris</strong></span> <span class='ocrx_word' id='word_1_50' title='bbox 1050 844 1391 910; x_wconf 91' lang='lat' dir='ltr'><strong>rectoribus</strong></span> <span class='ocrx_word' id='word_1_51' title='bbox 1438 845 1755 911; x_wconf 84' lang='lat' dir='ltr'><strong>Sclavonie</strong></span> <span class='ocrx_word' id='word_1_52' title='bbox 1800 845 1867 909; x_wconf 90' lang='lat' dir='ltr'><strong>in</strong></span> <span class='ocrx_word' id='word_1_53' title='bbox 1911 844 2244 920; x_wconf 81' lang='lat' dir='ltr'><strong>mandatis,</strong></span> <span class='ocrx_word' id='word_1_54' title='bbox 2292 846 2452 929; x_wconf 88' lang='lat' dir='ltr'><strong>quod</strong></span> <span class='ocrx_word' id='word_1_55' title='bbox 2497 846 2559 909; x_wconf 92' lang='lat' dir='ltr'><strong>in</strong></span> <span class='ocrx_word' id='word_1_56' title='bbox 2600 846 2902 910; x_wconf 90' lang='lat' dir='ltr'><strong>mittendo</strong></span> <span class='ocrx_word' id='word_1_57' title='bbox 2956 845 3123 928; x_wconf 89' lang='lat' dir='ltr'><strong>ipsos</strong></span> <span class='ocrx_word' id='word_1_58' title='bbox 3167 849 3235 911; x_wconf 83' lang='lat' dir='ltr'><strong>et</strong></span> 
     </span>
     <span class='ocr_line' id='line_1_7' title="bbox 511 930 3232 1015; baseline 0 -17"><span class='ocrx_word' id='word_1_59' title='bbox 511 950 634 998; x_wconf 91' lang='lat' dir='ltr'><strong>non</strong></span> <span class='ocrx_word' id='word_1_60' title='bbox 680 930 995 997; x_wconf 90' lang='lat' dir='ltr'><strong>retinendo</strong></span> <span class='ocrx_word' id='word_1_61' title='bbox 1042 931 1104 997; x_wconf 90' lang='lat' dir='ltr'><strong>in</strong></span> <span class='ocrx_word' id='word_1_62' title='bbox 1151 932 1304 997; x_wconf 90' lang='lat' dir='ltr'><strong>locis</strong></span> <span class='ocrx_word' id='word_1_63' title='bbox 1350 932 1476 997; x_wconf 89' lang='lat' dir='ltr'><strong>suis</strong></span> <span class='ocrx_word' id='word_1_64' title='bbox 1509 932 1759 1011; x_wconf 83' lang='lat' dir='ltr'><strong>faciant,</strong></span> <span class='ocrx_word' id='word_1_65' title='bbox 1810 932 1976 996; x_wconf 89' lang='lat' dir='ltr'><strong>sicut</strong></span> <span class='ocrx_word' id='word_1_66' title='bbox 1998 932 2298 997; x_wconf 84' lang='lat' dir='ltr'><strong>duxeritis</strong></span> <span class='ocrx_word' id='word_1_67' title='bbox 2336 933 2788 1015; x_wconf 89' lang='lat' dir='ltr'><strong>requirendum.</strong></span> <span class='ocrx_word' id='word_1_68' title='bbox 2840 933 3014 998; x_wconf 87' lang='lat' dir='ltr'><strong>Idem</strong></span> <span class='ocrx_word' id='word_1_69' title='bbox 3040 933 3232 999; x_wconf 84' lang='lat' dir='ltr'><strong>etiam</strong></span> 
     </span>
     <span class='ocr_line' id='line_1_8' title="bbox 503 1018 3230 1104; baseline 0 -19"><span class='ocrx_word' id='word_1_70' title='bbox 503 1019 769 1086; x_wconf 82' lang='lat' dir='ltr'><strong>dicimus</strong></span> <span class='ocrx_word' id='word_1_71' title='bbox 814 1019 892 1084; x_wconf 92' lang='lat' dir='ltr'><strong>de</strong></span> <span class='ocrx_word' id='word_1_72' title='bbox 938 1019 1218 1099; x_wconf 77' lang='lat' dir='ltr'><strong>soldatiS‚</strong></span> <span class='ocrx_word' id='word_1_73' title='bbox 1268 1018 1320 1084; x_wconf 88' lang='lat' dir='ltr'><strong>si</strong></span> <span class='ocrx_word' id='word_1_74' title='bbox 1369 1020 1473 1102; x_wconf 90' lang='lat' dir='ltr'><strong>qui</strong></span> <span class='ocrx_word' id='word_1_75' title='bbox 1518 1021 1728 1085; x_wconf 87' lang='lat' dir='ltr'><strong>essent</strong></span> <span class='ocrx_word' id='word_1_76' title='bbox 1769 1019 2112 1102; x_wconf 78' lang='lat' dir='ltr'><strong>culpabiles</strong></span> <span class='ocrx_word' id='word_1_77' title='bbox 2137 1020 2235 1085; x_wconf 92' lang='lat' dir='ltr'><strong>vel</strong></span> <span class='ocrx_word' id='word_1_78' title='bbox 2259 1021 2550 1102; x_wconf 87' lang='lat' dir='ltr'><strong>suspecti,</strong></span> <span class='ocrx_word' id='word_1_79' title='bbox 2600 1020 2763 1104; x_wconf 89' lang='lat' dir='ltr'><strong>quod</strong></span> <span class='ocrx_word' id='word_1_80' title='bbox 2809 1038 2911 1086; x_wconf 90' lang='lat' dir='ltr'><strong>eos</strong></span> <span class='ocrx_word' id='word_1_81' title='bbox 2955 1020 3230 1103; x_wconf 84' lang='lat' dir='ltr'><strong>puniatis</strong></span> 
     </span>
     <span class='ocr_line' id='line_1_9' title="bbox 496 1106 3232 1190; baseline -0 -16"><span class='ocrx_word' id='word_1_82' title='bbox 496 1108 609 1174; x_wconf 80' lang='lat' dir='ltr'><strong>&#39;vel</strong></span> <span class='ocrx_word' id='word_1_83' title='bbox 654 1106 914 1173; x_wconf 85' lang='lat' dir='ltr'><strong>cassetis</strong></span> <span class='ocrx_word' id='word_1_84' title='bbox 957 1109 1020 1172; x_wconf 89' lang='lat' dir='ltr'><strong>et</strong></span> <span class='ocrx_word' id='word_1_85' title='bbox 1063 1107 1405 1173; x_wconf 89' lang='lat' dir='ltr'><strong>licencietis</strong></span> <span class='ocrx_word' id='word_1_86' title='bbox 1453 1126 1637 1189; x_wconf 90' lang='lat' dir='ltr'><strong>quam</strong></span> <span class='ocrx_word' id='word_1_87' title='bbox 1686 1108 1877 1172; x_wconf 89' lang='lat' dir='ltr'><strong>cicius</strong></span> <span class='ocrx_word' id='word_1_88' title='bbox 1923 1126 2058 1172; x_wconf 89' lang='lat' dir='ltr'><strong>esse</strong></span> <span class='ocrx_word' id='word_1_89' title='bbox 2104 1107 2327 1190; x_wconf 88' lang='lat' dir='ltr'><strong>potest,</strong></span> <span class='ocrx_word' id='word_1_90' title='bbox 2374 1108 2536 1173; x_wconf 88' lang='lat' dir='ltr'><strong>sicut</strong></span> <span class='ocrx_word' id='word_1_91' title='bbox 2563 1107 2734 1173; x_wconf 92' lang='lat' dir='ltr'><strong>vobis</strong></span> <span class='ocrx_word' id='word_1_92' title='bbox 2766 1108 3099 1186; x_wconf 85' lang='lat' dir='ltr'><strong>videbitur,</strong></span> <span class='ocrx_word' id='word_1_93' title='bbox 3134 1128 3232 1173; x_wconf 90' lang='lat' dir='ltr'><strong>re-</strong></span> 
     </span>
     <span class='ocr_line' id='line_1_10' title="bbox 502 1194 3232 1279; baseline -0 -18"><span class='ocrx_word' id='word_1_94' title='bbox 502 1194 843 1261; x_wconf 88' lang='lat' dir='ltr'><strong>scribentes</strong></span> <span class='ocrx_word' id='word_1_95' title='bbox 888 1194 1084 1274; x_wconf 76' lang='lat' dir='ltr'><strong>nobiS‚</strong></span> <span class='ocrx_word' id='word_1_96' title='bbox 1132 1196 1187 1260; x_wconf 88' lang='lat' dir='ltr'><strong>si</strong></span> <span class='ocrx_word' id='word_1_97' title='bbox 1232 1195 1578 1259; x_wconf 83' lang='lat' dir='ltr'><strong>subsidium</strong></span> <span class='ocrx_word' id='word_1_98' title='bbox 1622 1195 1913 1278; x_wconf 89' lang='lat' dir='ltr'><strong>gencium</strong></span> <span class='ocrx_word' id='word_1_99' title='bbox 1959 1194 2057 1259; x_wconf 89' lang='lat' dir='ltr'><strong>vel</strong></span> <span class='ocrx_word' id='word_1_100' title='bbox 2104 1195 2369 1260; x_wconf 86' lang='lat' dir='ltr'><strong>aliarum</strong></span> <span class='ocrx_word' id='word_1_101' title='bbox 2418 1214 2626 1260; x_wconf 89' lang='lat' dir='ltr'><strong>rerum</strong></span> <span class='ocrx_word' id='word_1_102' title='bbox 2671 1195 2846 1261; x_wconf 87' lang='lat' dir='ltr'><strong>vobis</strong></span> <span class='ocrx_word' id='word_1_103' title='bbox 2914 1197 3079 1261; x_wconf 89' lang='lat' dir='ltr'><strong>esset</strong></span> <span class='ocrx_word' id='word_1_104' title='bbox 3124 1213 3232 1279; x_wconf 93' lang='lat' dir='ltr'><strong>op-</strong></span> 
     </span>
     <span class='ocr_line' id='line_1_11' title="bbox 503 1282 3234 1366; baseline 0 -17"><span class='ocrx_word' id='word_1_105' title='bbox 503 1286 858 1366; x_wconf 87' lang='lat' dir='ltr'><strong>portunum,</strong></span> <span class='ocrx_word' id='word_1_106' title='bbox 900 1282 1044 1364; x_wconf 84' lang='lat' dir='ltr'><strong>quia</strong></span> <span class='ocrx_word' id='word_1_107' title='bbox 1090 1283 1546 1365; x_wconf 89' lang='lat' dir='ltr'><strong>providebimus</strong></span> <span class='ocrx_word' id='word_1_108' title='bbox 1593 1283 1727 1347; x_wconf 89' lang='lat' dir='ltr'><strong>sine</strong></span> <span class='ocrx_word' id='word_1_109' title='bbox 1769 1282 2055 1360; x_wconf 85' lang='lat' dir='ltr'><strong>deffectu,</strong></span> <span class='ocrx_word' id='word_1_110' title='bbox 2104 1282 2269 1347; x_wconf 88' lang='lat' dir='ltr'><strong>sicut</strong></span> <span class='ocrx_word' id='word_1_111' title='bbox 2310 1302 2463 1366; x_wconf 92' lang='lat' dir='ltr'><strong>opus</strong></span> <span class='ocrx_word' id='word_1_112' title='bbox 2509 1282 2718 1349; x_wconf 83' lang='lat' dir='ltr'><strong>fuerit.</strong></span> <span class='ocrx_word' id='word_1_113' title='bbox 2767 1282 3086 1348; x_wconf 83' lang='lat' dir='ltr'><strong>Mittimus</strong></span> <span class='ocrx_word' id='word_1_114' title='bbox 3121 1301 3234 1349; x_wconf 81' lang='lat' dir='ltr'><strong>au—</strong></span> 
     </span>
     <span class='ocr_line' id='line_1_12' title="bbox 503 1368 3230 1454; baseline -0 -18"><span class='ocrx_word' id='word_1_115' title='bbox 503 1374 633 1436; x_wconf 88' lang='lat' dir='ltr'><strong>tem</strong></span> <span class='ocrx_word' id='word_1_116' title='bbox 682 1369 856 1436; x_wconf 89' lang='lat' dir='ltr'><strong>vobis</strong></span> <span class='ocrx_word' id='word_1_117' title='bbox 903 1370 1154 1435; x_wconf 84' lang='lat' dir='ltr'><strong>ducatos</strong></span> <span class='ocrx_word' id='word_1_118' title='bbox 1198 1368 1263 1434; x_wconf 92' lang='lat'><strong>11</strong></span> <span class='ocrx_word' id='word_1_119' title='bbox 1308 1370 1485 1435; x_wconf 92' lang='lat' dir='ltr'><strong>mille</strong></span> <span class='ocrx_word' id='word_1_120' title='bbox 1529 1370 1595 1434; x_wconf 93' lang='lat' dir='ltr'><strong>in</strong></span> <span class='ocrx_word' id='word_1_121' title='bbox 1637 1371 1902 1436; x_wconf 90' lang='lat' dir='ltr'><strong>monetis</strong></span> <span class='ocrx_word' id='word_1_122' title='bbox 1947 1388 2057 1453; x_wconf 90' lang='lat' dir='ltr'><strong>pro</strong></span> <span class='ocrx_word' id='word_1_123' title='bbox 2116 1369 2295 1454; x_wconf 86' lang='lat' dir='ltr'><strong>pagis</strong></span> <span class='ocrx_word' id='word_1_124' title='bbox 2356 1371 2422 1435; x_wconf 89' lang='lat' dir='ltr'><strong>et</strong></span> <span class='ocrx_word' id='word_1_125' title='bbox 2466 1370 2606 1435; x_wconf 90' lang='lat' dir='ltr'><strong>aliis</strong></span> <span class='ocrx_word' id='word_1_126' title='bbox 2660 1371 2943 1454; x_wconf 78' lang='lat' dir='ltr'><strong>expensis</strong></span> <span class='ocrx_word' id='word_1_127' title='bbox 3010 1387 3230 1454; x_wconf 88' lang='lat' dir='ltr'><strong>oppor-</strong></span> 
     </span>
     <span class='ocr_line' id='line_1_13' title="bbox 508 1457 2088 1541; baseline -0.001 -19"><span class='ocrx_word' id='word_1_128' title='bbox 508 1457 697 1536; x_wconf 80' lang='lat' dir='ltr'><strong>tuuis,</strong></span> <span class='ocrx_word' id='word_1_129' title='bbox 745 1458 818 1521; x_wconf 89' lang='lat' dir='ltr'><strong>de</strong></span> <span class='ocrx_word' id='word_1_130' title='bbox 863 1476 1122 1539; x_wconf 61' lang='lat' dir='ltr'><strong>quorum</strong></span> <span class='ocrx_word' id='word_1_131' title='bbox 1170 1457 1515 1541; x_wconf 86' lang='lat' dir='ltr'><strong>receptione</strong></span> <span class='ocrx_word' id='word_1_132' title='bbox 1559 1457 1736 1522; x_wconf 89' lang='lat' dir='ltr'><strong>nobis</strong></span> <span class='ocrx_word' id='word_1_133' title='bbox 1781 1457 2088 1522; x_wconf 89' lang='lat' dir='ltr'><strong>scribatis.</strong></span> 
     </span>
    </p>

    <p class='ocr_par' dir='ltr' id='par_1_3' title="bbox 499 1543 3233 1979">
     <span class='ocr_line' id='line_1_14' title="bbox 716 1543 3233 1628; baseline 0 -19"><span class='ocrx_word' id='word_1_134' title='bbox 716 1544 1086 1610; x_wconf 86' lang='lat' dir='ltr'><strong>Rectoribus</strong></span> <span class='ocrx_word' id='word_1_135' title='bbox 1132 1563 1275 1610; x_wconf 88' lang='lat' dir='ltr'><strong>vero</strong></span> <span class='ocrx_word' id='word_1_136' title='bbox 1338 1545 1567 1609; x_wconf 90' lang='lat' dir='ltr'><strong>nostris</strong></span> <span class='ocrx_word' id='word_1_137' title='bbox 1631 1543 1956 1610; x_wconf 84' lang='lat' dir='ltr'><strong>Sclavenie</strong></span> <span class='ocrx_word' id='word_1_138' title='bbox 2018 1545 2370 1610; x_wconf 85' lang='lat' dir='ltr'><strong>scribantur</strong></span> <span class='ocrx_word' id='word_1_139' title='bbox 2430 1562 2591 1610; x_wconf 90' lang='lat' dir='ltr'><strong>nova</strong></span> <span class='ocrx_word' id='word_1_140' title='bbox 2649 1544 2930 1628; x_wconf 83' lang='lat' dir='ltr'><strong>predicta</strong></span> <span class='ocrx_word' id='word_1_141' title='bbox 2990 1546 3053 1609; x_wconf 89' lang='lat' dir='ltr'><strong>in</strong></span> <span class='ocrx_word' id='word_1_142' title='bbox 3120 1545 3233 1610; x_wconf 87' lang='lat' dir='ltr'><strong>illa</strong></span> 
     </span>
     <span class='ocr_line' id='line_1_15' title="bbox 507 1631 3227 1716; baseline 0 -19"><span class='ocrx_word' id='word_1_143' title='bbox 507 1633 732 1711; x_wconf 85' lang='lat' dir='ltr'><strong>forma,</strong></span> <span class='ocrx_word' id='word_1_144' title='bbox 780 1650 897 1714; x_wconf 90' lang='lat' dir='ltr'><strong>que</strong></span> <span class='ocrx_word' id='word_1_145' title='bbox 941 1632 1251 1697; x_wconf 90' lang='lat' dir='ltr'><strong>videbitur</strong></span> <span class='ocrx_word' id='word_1_146' title='bbox 1297 1632 1720 1712; x_wconf 80' lang='lat' dir='ltr'><strong>dominationi,</strong></span> <span class='ocrx_word' id='word_1_147' title='bbox 1768 1634 1835 1698; x_wconf 83' lang='lat' dir='ltr'><strong>et</strong></span> <span class='ocrx_word' id='word_1_148' title='bbox 1879 1632 2039 1716; x_wconf 89' lang='lat' dir='ltr'><strong>quod</strong></span> <span class='ocrx_word' id='word_1_149' title='bbox 2085 1652 2226 1698; x_wconf 88' lang='lat' dir='ltr'><strong>cum</strong></span> <span class='ocrx_word' id='word_1_150' title='bbox 2275 1631 2739 1698; x_wconf 81' lang='lat' dir='ltr'><strong>conservatione</strong></span> <span class='ocrx_word' id='word_1_151' title='bbox 2786 1634 3060 1698; x_wconf 91' lang='lat' dir='ltr'><strong>locorum</strong></span> <span class='ocrx_word' id='word_1_152' title='bbox 3107 1633 3227 1698; x_wconf 86' lang='lat' dir='ltr'><strong>sibi</strong></span> 
     </span>
     <span class='ocr_line' id='line_1_16' title="bbox 502 1718 3225 1805; baseline -0.001 -18"><span class='ocrx_word' id='word_1_153' title='bbox 502 1720 977 1787; x_wconf 87' lang='lat' dir='ltr'><strong>commissorum</strong></span> <span class='ocrx_word' id='word_1_154' title='bbox 1023 1720 1292 1785; x_wconf 86' lang='lat' dir='ltr'><strong>debeant</strong></span> <span class='ocrx_word' id='word_1_155' title='bbox 1337 1718 1613 1803; x_wconf 89' lang='lat' dir='ltr'><strong>predicto</strong></span> <span class='ocrx_word' id='word_1_156' title='bbox 1659 1720 1875 1785; x_wconf 90' lang='lat' dir='ltr'><strong>comiti</strong></span> <span class='ocrx_word' id='word_1_157' title='bbox 1921 1720 2146 1799; x_wconf 81' lang='lat' dir='ltr'><strong>Jadre‚</strong></span> <span class='ocrx_word' id='word_1_158' title='bbox 2193 1720 2475 1805; x_wconf 89' lang='lat' dir='ltr'><strong>quotiens</strong></span> <span class='ocrx_word' id='word_1_159' title='bbox 2537 1720 2824 1804; x_wconf 89' lang='lat' dir='ltr'><strong>requisiti</strong></span> <span class='ocrx_word' id='word_1_160' title='bbox 2890 1721 3225 1799; x_wconf 80' lang='lat' dir='ltr'><strong>extiterint,</strong></span> 
     </span>
     <span class='ocr_line' id='line_1_17' title="bbox 499 1806 3228 1892; baseline -0 -19"><span class='ocrx_word' id='word_1_161' title='bbox 499 1808 648 1873; x_wconf 87' lang='lat' dir='ltr'><strong>dare</strong></span> <span class='ocrx_word' id='word_1_162' title='bbox 695 1825 872 1872; x_wconf 90' lang='lat' dir='ltr'><strong>omne</strong></span> <span class='ocrx_word' id='word_1_163' title='bbox 915 1807 1217 1872; x_wconf 82' lang='lat' dir='ltr'><strong>auxilium</strong></span> <span class='ocrx_word' id='word_1_164' title='bbox 1258 1808 1322 1871; x_wconf 92' lang='lat' dir='ltr'><strong>et</strong></span> <span class='ocrx_word' id='word_1_165' title='bbox 1366 1806 1659 1887; x_wconf 85' lang='lat' dir='ltr'><strong>favorem,</strong></span> <span class='ocrx_word' id='word_1_166' title='bbox 1706 1826 1891 1892; x_wconf 91' lang='lat' dir='ltr'><strong>quem</strong></span> <span class='ocrx_word' id='word_1_167' title='bbox 1936 1810 2227 1892; x_wconf 89' lang='lat' dir='ltr'><strong>poterunt</strong></span> <span class='ocrx_word' id='word_1_168' title='bbox 2271 1825 2380 1892; x_wconf 88' lang='lat' dir='ltr'><strong>pro</strong></span> <span class='ocrx_word' id='word_1_169' title='bbox 2428 1808 2892 1873; x_wconf 86' lang='lat' dir='ltr'><strong>conservatione</strong></span> <span class='ocrx_word' id='word_1_170' title='bbox 2936 1808 3099 1874; x_wconf 88' lang='lat' dir='ltr'><strong>dicte</strong></span> <span class='ocrx_word' id='word_1_171' title='bbox 3139 1807 3228 1874; x_wconf 90' lang='lat' dir='ltr'><strong>ci-</strong></span> 
     </span>
     <span class='ocr_line' id='line_1_18' title="bbox 502 1893 3228 1979; baseline -0 -18"><span class='ocrx_word' id='word_1_172' title='bbox 502 1894 717 1961; x_wconf 86' lang='lat' dir='ltr'><strong>vitatis</strong></span> <span class='ocrx_word' id='word_1_173' title='bbox 763 1894 958 1960; x_wconf 85' lang='lat' dir='ltr'><strong>Jadre</strong></span> <span class='ocrx_word' id='word_1_174' title='bbox 989 1896 1054 1959; x_wconf 91' lang='lat' dir='ltr'><strong>et</strong></span> <span class='ocrx_word' id='word_1_175' title='bbox 1085 1895 1277 1960; x_wconf 89' lang='lat' dir='ltr'><strong>etiam</strong></span> <span class='ocrx_word' id='word_1_176' title='bbox 1319 1893 1439 1959; x_wconf 90' lang='lat' dir='ltr'><strong>sibi</strong></span> <span class='ocrx_word' id='word_1_177' title='bbox 1461 1896 1722 1960; x_wconf 90' lang='lat' dir='ltr'><strong>invicem</strong></span> <span class='ocrx_word' id='word_1_178' title='bbox 1748 1913 1861 1979; x_wconf 91' lang='lat' dir='ltr'><strong>pro</strong></span> <span class='ocrx_word' id='word_1_179' title='bbox 1886 1895 2241 1963; x_wconf 85' lang='lat' dir='ltr'><strong>defensione</strong></span> <span class='ocrx_word' id='word_1_180' title='bbox 2271 1896 2710 1962; x_wconf 76' lang='lat' dir='ltr'><strong>locorum&#39;sibi</strong></span> <span class='ocrx_word' id='word_1_181' title='bbox 2737 1896 3228 1963; x_wconf 90' lang='lat' dir='ltr'><strong>commissorum.</strong></span> 
     </span>
    </p>

    <p class='ocr_par' dir='ltr' id='par_1_4' title="bbox 584 1985 3232 2057">
     <span class='ocr_line' id='line_1_19' title="bbox 584 1985 3232 2057; baseline 0 -11"><span class='ocrx_word' id='word_1_182' title='bbox 584 1986 766 2046; x_wconf 62' lang='lat' dir='ltr'><strong>Musti</strong></span> <span class='ocrx_word' id='word_1_183' title='bbox 817 1985 948 2045; x_wconf 87' lang='lat' dir='ltr'><strong>XX</strong></span> <span class='ocrx_word' id='word_1_184' title='bbox 956 1986 1058 2046; x_wconf 76' lang='lat'><strong>1⁷1.</strong></span> <span class='ocrx_word' id='word_1_185' title='bbox 1102 1988 1205 2057; x_wconf 80' lang='lat'><strong>92,</strong></span> <span class='ocrx_word' id='word_1_186' title='bbox 1258 2002 1301 2045; x_wconf 80' lang='lat' dir='ltr'><strong>u</strong></span> <span class='ocrx_word' id='word_1_187' title='bbox 1342 1986 1684 2046; x_wconf 66' lang='lat' dir='ltr'><strong>mletaclcom</strong></span> <span class='ocrx_word' id='word_1_188' title='bbox 1729 1988 1963 2046; x_wconf 76' lang='lat' dir='ltr'><strong>arkivu.</strong></span> <span class='ocrx_word' id='word_1_189' title='bbox 3221 1990 3232 1995; x_wconf 89' lang='grc'><em>“</em></span> 
     </span>
    </p>
   </div>
   <div class='ocr_carea' id='block_1_3' title="bbox 834 2174 2899 2278">
    <p class='ocr_par' dir='ltr' id='par_1_5' title="bbox 834 2174 2899 2278">
     <span class='ocr_line' id='line_1_20' title="bbox 834 2174 2899 2278; baseline 0 -21"><span class='ocrx_word' id='word_1_190' title='bbox 834 2174 1335 2258; x_wconf 81' lang='lat' dir='ltr'><strong>CGGXLIX.</strong></span> <span class='ocrx_word' id='word_1_191' title='bbox 1372 2174 1579 2257; x_wconf 64' lang='lat' dir='ltr'><strong>eod.</strong></span> <span class='ocrx_word' id='word_1_192' title='bbox 1634 2174 1860 2263; x_wconf 73' lang='lat'><strong>1352.</strong></span> <span class='ocrx_word' id='word_1_193' title='bbox 1916 2176 1966 2260; x_wconf 78' lang='lat'><strong>5</strong></span> <span class='ocrx_word' id='word_1_194' title='bbox 2020 2175 2335 2278; x_wconf 73' lang='lat' dir='ltr'><strong>lipnja,</strong></span> <span class='ocrx_word' id='word_1_195' title='bbox 2390 2199 2450 2259; x_wconf 91' lang='lat' dir='ltr'><strong>u</strong></span> <span class='ocrx_word' id='word_1_196' title='bbox 2505 2176 2899 2260; x_wconf 81' lang='lat' dir='ltr'><strong>Mletcih.</strong></span> 
     </span>
    </p>
   </div>
   <div class='ocr_carea' id='block_1_4' title="bbox 502 2301 3233 2467">
    <p class='ocr_par' dir='ltr' id='par_1_6' title="bbox 502 2301 3233 2467">
     <span class='ocr_line' id='line_1_21' title="bbox 502 2301 3233 2378; baseline 0.001 -16"><span class='ocrx_word' id='word_1_197' title='bbox 502 2301 698 2363; x_wconf 83' lang='lat' dir='ltr'><strong>Odbor</strong></span> <span class='ocrx_word' id='word_1_198' title='bbox 741 2303 1009 2372; x_wconf 76' lang='lat' dir='ltr'><strong>izabran,</strong></span> <span class='ocrx_word' id='word_1_199' title='bbox 1058 2301 1142 2360; x_wconf 81' lang='lat' dir='ltr'><strong>da</strong></span> <span class='ocrx_word' id='word_1_200' title='bbox 1195 2302 1426 2361; x_wconf 79' lang='lat' dir='ltr'><strong>razvidi</strong></span> <span class='ocrx_word' id='word_1_201' title='bbox 1484 2303 1793 2362; x_wconf 74' lang='lat' dir='ltr'><strong>ramirice</strong></span> <span class='ocrx_word' id='word_1_202' title='bbox 1840 2303 2119 2377; x_wconf 71' lang='lat' dir='ltr'><strong>obstojcce</strong></span> <span class='ocrx_word' id='word_1_203' title='bbox 2161 2302 2359 2378; x_wconf 68' lang='lat' dir='ltr'><strong>medy‘u</strong></span> <span class='ocrx_word' id='word_1_204' title='bbox 2422 2304 2728 2378; x_wconf 77' lang='lat' dir='ltr'><strong>biskupom</strong></span> <span class='ocrx_word' id='word_1_205' title='bbox 2772 2305 2798 2363; x_wconf 77' lang='lat' dir='ltr'><strong><em>i</em></strong></span> <span class='ocrx_word' id='word_1_206' title='bbox 2843 2302 3233 2365; x_wconf 68' lang='lat' dir='ltr'><strong>svecenstvom</strong></span> 
     </span>
     <span class='ocr_line' id='line_1_22' title="bbox 607 2389 3104 2467; baseline 0.001 -17"><span class='ocrx_word' id='word_1_207' title='bbox 607 2390 911 2451; x_wconf 79' lang='lat' dir='ltr'><strong>hvarskim</strong></span> <span class='ocrx_word' id='word_1_208' title='bbox 956 2406 986 2449; x_wconf 89' lang='lat' dir='ltr'><strong>s</strong></span> <span class='ocrx_word' id='word_1_209' title='bbox 1018 2389 1206 2463; x_wconf 76' lang='lat' dir='ltr'><strong>jedne</strong></span> <span class='ocrx_word' id='word_1_210' title='bbox 1248 2391 1273 2449; x_wconf 79' lang='lat' dir='ltr'><strong>i</strong></span> <span class='ocrx_word' id='word_1_211' title='bbox 1316 2389 1515 2463; x_wconf 63' lang='lat' dir='ltr'><strong>merliu</strong></span> <span class='ocrx_word' id='word_1_212' title='bbox 1559 2391 1797 2450; x_wconf 76' lang='lat' dir='ltr'><strong>knezom</strong></span> <span class='ocrx_word' id='word_1_213' title='bbox 1843 2392 1868 2449; x_wconf 79' lang='lat' dir='ltr'><strong>i</strong></span> <span class='ocrx_word' id='word_1_214' title='bbox 1912 2391 2174 2451; x_wconf 66' lang='lat' dir='ltr'><strong>obcinom</strong></span> <span class='ocrx_word' id='word_1_215' title='bbox 2217 2391 2533 2452; x_wconf 78' lang='lat' dir='ltr'><strong>hvarskom</strong></span> <span class='ocrx_word' id='word_1_216' title='bbox 2577 2409 2608 2451; x_wconf 83' lang='lat' dir='ltr'><strong>s</strong></span> <span class='ocrx_word' id='word_1_217' title='bbox 2653 2392 2836 2467; x_wconf 74' lang='lat' dir='ltr'><strong>druye</strong></span> <span class='ocrx_word' id='word_1_218' title='bbox 2879 2396 3104 2453; x_wconf 68' lang='lat' dir='ltr'><strong>strant.</strong></span> 
     </span>
    </p>
   </div>
   <div class='ocr_carea' id='block_1_5' title="bbox 489 2509 3234 3732">
    <p class='ocr_par' dir='ltr' id='par_1_7' title="bbox 489 2509 3234 3732">
     <span class='ocr_line' id='line_1_23' title="bbox 716 2509 3231 2595; baseline 0.001 -21"><span class='ocrx_word' id='word_1_219' title='bbox 716 2510 906 2575; x_wconf 80' lang='lat'><strong>1352.</strong></span> <span class='ocrx_word' id='word_1_220' title='bbox 954 2511 1052 2575; x_wconf 92' lang='lat' dir='ltr'><strong>die</strong></span> <span class='ocrx_word' id='word_1_221' title='bbox 1079 2509 1300 2592; x_wconf 89' lang='lat' dir='ltr'><strong>quinto</strong></span> <span class='ocrx_word' id='word_1_222' title='bbox 1331 2509 1506 2591; x_wconf 89' lang='lat' dir='ltr'><strong>iunii,</strong></span> <span class='ocrx_word' id='word_1_223' title='bbox 1555 2514 1774 2592; x_wconf 84' lang='lat' dir='ltr'><strong>capta:</strong></span> <span class='ocrx_word' id='word_1_224' title='bbox 1818 2529 1961 2575; x_wconf 88' lang='lat' dir='ltr'><strong>cum</strong></span> <span class='ocrx_word' id='word_1_225' title='bbox 1986 2511 2302 2595; x_wconf 85' lang='lat' dir='ltr'><strong>episcopus</strong></span> <span class='ocrx_word' id='word_1_226' title='bbox 2352 2512 2416 2577; x_wconf 84' lang='lat' dir='ltr'><strong>et</strong></span> <span class='ocrx_word' id='word_1_227' title='bbox 2461 2511 2662 2576; x_wconf 87' lang='lat' dir='ltr'><strong>clerus</strong></span> <span class='ocrx_word' id='word_1_228' title='bbox 2685 2513 2883 2576; x_wconf 87' lang='lat' dir='ltr'><strong>Lesne</strong></span> <span class='ocrx_word' id='word_1_229' title='bbox 2913 2512 3231 2595; x_wconf 81' lang='lat' dir='ltr'><strong>conquesti</strong></span> 
     </span>
     <span class='ocr_line' id='line_1_24' title="bbox 499 2597 3233 2680; baseline -0 -14"><span class='ocrx_word' id='word_1_230' title='bbox 499 2598 646 2666; x_wconf 83' lang='lat' dir='ltr'><strong>sunt</strong></span> <span class='ocrx_word' id='word_1_231' title='bbox 690 2597 961 2665; x_wconf 89' lang='lat' dir='ltr'><strong>dominio</strong></span> <span class='ocrx_word' id='word_1_232' title='bbox 1007 2597 1086 2663; x_wconf 89' lang='lat' dir='ltr'><strong>de</strong></span> <span class='ocrx_word' id='word_1_233' title='bbox 1135 2599 1444 2680; x_wconf 86' lang='lat' dir='ltr'><strong>potestate</strong></span> <span class='ocrx_word' id='word_1_234' title='bbox 1491 2599 1556 2664; x_wconf 89' lang='lat' dir='ltr'><strong>et</strong></span> <span class='ocrx_word' id='word_1_235' title='bbox 1602 2597 1958 2663; x_wconf 90' lang='lat' dir='ltr'><strong>hominibus</strong></span> <span class='ocrx_word' id='word_1_236' title='bbox 2004 2598 2156 2665; x_wconf 90' lang='lat' dir='ltr'><strong>dicti</strong></span> <span class='ocrx_word' id='word_1_237' title='bbox 2204 2599 2321 2663; x_wconf 91' lang='lat' dir='ltr'><strong>loci</strong></span> <span class='ocrx_word' id='word_1_238' title='bbox 2376 2598 2452 2669; x_wconf 87' lang='lat' dir='ltr'><strong>de</strong></span> <span class='ocrx_word' id='word_1_239' title='bbox 2508 2598 2820 2680; x_wconf 81' lang='lat' dir='ltr'><strong>aliquibus</strong></span> <span class='ocrx_word' id='word_1_240' title='bbox 2878 2597 3122 2664; x_wconf 90' lang='lat' dir='ltr'><strong>iniuriis</strong></span> <span class='ocrx_word' id='word_1_241' title='bbox 3167 2601 3233 2665; x_wconf 85' lang='lat' dir='ltr'><strong>et</strong></span> 
     </span>
     <span class='ocr_line' id='line_1_25' title="bbox 497 2686 3228 2771; baseline 0 -18"><span class='ocrx_word' id='word_1_242' title='bbox 497 2688 889 2753; x_wconf 82' lang='lat' dir='ltr'><strong>novitatibus</strong></span> <span class='ocrx_word' id='word_1_243' title='bbox 937 2687 1057 2751; x_wconf 92' lang='lat' dir='ltr'><strong>sibi</strong></span> <span class='ocrx_word' id='word_1_244' title='bbox 1108 2686 1311 2764; x_wconf 58' lang='lat' dir='ltr'><strong>factm,</strong></span> <span class='ocrx_word' id='word_1_245' title='bbox 1361 2688 1432 2751; x_wconf 91' lang='lat' dir='ltr'><strong>ut</strong></span> <span class='ocrx_word' id='word_1_246' title='bbox 1468 2687 1697 2766; x_wconf 86' lang='lat' dir='ltr'><strong>dicunt,</strong></span> <span class='ocrx_word' id='word_1_247' title='bbox 1746 2705 1857 2771; x_wconf 86' lang='lat' dir='ltr'><strong>per</strong></span> <span class='ocrx_word' id='word_1_248' title='bbox 1902 2705 2039 2765; x_wconf 80' lang='lat' dir='ltr'><strong>eoS‚</strong></span> <span class='ocrx_word' id='word_1_249' title='bbox 2107 2688 2170 2752; x_wconf 90' lang='lat' dir='ltr'><strong>et</strong></span> <span class='ocrx_word' id='word_1_250' title='bbox 2230 2687 2432 2751; x_wconf 87' lang='lat' dir='ltr'><strong>dictus</strong></span> <span class='ocrx_word' id='word_1_251' title='bbox 2496 2687 2774 2770; x_wconf 84' lang='lat' dir='ltr'><strong>potestas</strong></span> <span class='ocrx_word' id='word_1_252' title='bbox 2837 2687 2902 2750; x_wconf 91' lang='lat' dir='ltr'><strong>et</strong></span> <span class='ocrx_word' id='word_1_253' title='bbox 2947 2686 3228 2753; x_wconf 89' lang='lat' dir='ltr'><strong>homines</strong></span> 
     </span>
     <span class='ocr_line' id='line_1_26' title="bbox 496 2773 3234 2858; baseline 0 -19"><span class='ocrx_word' id='word_1_254' title='bbox 496 2776 693 2842; x_wconf 88' lang='lat' dir='ltr'><strong>Lesne</strong></span> <span class='ocrx_word' id='word_1_255' title='bbox 748 2774 1037 2840; x_wconf 85' lang='lat' dir='ltr'><strong>miserint</strong></span> <span class='ocrx_word' id='word_1_256' title='bbox 1080 2774 1199 2839; x_wconf 92' lang='lat' dir='ltr'><strong>huc</strong></span> <span class='ocrx_word' id='word_1_257' title='bbox 1245 2775 1674 2840; x_wconf 83' lang='lat' dir='ltr'><strong>ambaxatores</strong></span> <span class='ocrx_word' id='word_1_258' title='bbox 1720 2793 1866 2839; x_wconf 89' lang='lat' dir='ltr'><strong>suos</strong></span> <span class='ocrx_word' id='word_1_259' title='bbox 1897 2777 2257 2839; x_wconf 85' lang='lat' dir='ltr'><strong>excusantes</strong></span> <span class='ocrx_word' id='word_1_260' title='bbox 2302 2792 2370 2839; x_wconf 92' lang='lat' dir='ltr'><strong>se</strong></span> <span class='ocrx_word' id='word_1_261' title='bbox 2414 2777 2479 2837; x_wconf 88' lang='lat' dir='ltr'><strong>et</strong></span> <span class='ocrx_word' id='word_1_262' title='bbox 2522 2775 2964 2857; x_wconf 86' lang='lat' dir='ltr'><strong>conquerentes</strong></span> <span class='ocrx_word' id='word_1_263' title='bbox 2992 2774 3069 2839; x_wconf 89' lang='lat' dir='ltr'><strong>de</strong></span> <span class='ocrx_word' id='word_1_264' title='bbox 3101 2773 3234 2858; x_wconf 88' lang='lat' dir='ltr'><strong>epi-</strong></span> 
     </span>
     <span class='ocr_line' id='line_1_27' title="bbox 497 2860 3227 2946; baseline 0 -18"><span class='ocrx_word' id='word_1_265' title='bbox 497 2881 680 2945; x_wconf 90' lang='lat' dir='ltr'><strong>scopo</strong></span> <span class='ocrx_word' id='word_1_266' title='bbox 733 2865 797 2928; x_wconf 90' lang='lat' dir='ltr'><strong>et</strong></span> <span class='ocrx_word' id='word_1_267' title='bbox 842 2862 1084 2928; x_wconf 86' lang='lat' dir='ltr'><strong>clericis</strong></span> <span class='ocrx_word' id='word_1_268' title='bbox 1130 2863 1195 2926; x_wconf 90' lang='lat' dir='ltr'><strong>et</strong></span> <span class='ocrx_word' id='word_1_269' title='bbox 1238 2862 1550 2945; x_wconf 87' lang='lat' dir='ltr'><strong>aliquibus</strong></span> <span class='ocrx_word' id='word_1_270' title='bbox 1596 2863 1726 2927; x_wconf 90' lang='lat' dir='ltr'><strong>suis</strong></span> <span class='ocrx_word' id='word_1_271' title='bbox 1777 2861 2217 2943; x_wconf 87' lang='lat' dir='ltr'><strong>complicibus,</strong></span> <span class='ocrx_word' id='word_1_272' title='bbox 2265 2863 2332 2927; x_wconf 90' lang='lat' dir='ltr'><strong>et</strong></span> <span class='ocrx_word' id='word_1_273' title='bbox 2377 2860 2609 2926; x_wconf 90' lang='lat' dir='ltr'><strong>bonum</strong></span> <span class='ocrx_word' id='word_1_274' title='bbox 2668 2861 2755 2926; x_wconf 89' lang='lat' dir='ltr'><strong>sit</strong></span> <span class='ocrx_word' id='word_1_275' title='bbox 2821 2863 2885 2927; x_wconf 92' lang='lat' dir='ltr'><strong>in</strong></span> <span class='ocrx_word' id='word_1_276' title='bbox 2930 2862 3042 2927; x_wconf 82' lang='lat' dir='ltr'><strong>hoc</strong></span> <span class='ocrx_word' id='word_1_277' title='bbox 3090 2879 3227 2946; x_wconf 87' lang='lat' dir='ltr'><strong>pro-</strong></span> 
     </span>
     <span class='ocr_line' id='line_1_28' title="bbox 489 2949 3229 3050; baseline 0.002 -40"><span class='ocrx_word' id='word_1_278' title='bbox 489 2950 706 3016; x_wconf 83' lang='lat' dir='ltr'><strong>videre</strong></span> <span class='ocrx_word' id='word_1_279' title='bbox 751 2969 863 3034; x_wconf 91' lang='lat' dir='ltr'><strong>pro</strong></span> <span class='ocrx_word' id='word_1_280' title='bbox 914 2950 1228 3050; x_wconf 79' lang='lat' dir='ltr'><strong>sedatione</strong></span> <span class='ocrx_word' id='word_1_281' title='bbox 1272 2950 1606 3015; x_wconf 90' lang='lat' dir='ltr'><strong>cuiuslibet</strong></span> <span class='ocrx_word' id='word_1_282' title='bbox 1649 2950 1927 3014; x_wconf 86' lang='lat' dir='ltr'><strong>scandali</strong></span> <span class='ocrx_word' id='word_1_283' title='bbox 1965 2951 2029 3049; x_wconf 77' lang='lat' dir='ltr'><strong>et</strong></span> <span class='ocrx_word' id='word_1_284' title='bbox 2072 2950 2292 3014; x_wconf 81' lang='lat' dir='ltr'><strong>erroris</strong></span> <span class='ocrx_word' id='word_1_285' title='bbox 2342 2951 2406 3014; x_wconf 91' lang='lat' dir='ltr'><strong>et</strong></span> <span class='ocrx_word' id='word_1_286' title='bbox 2430 2949 3038 3050; x_wconf 34' lang='lat' dir='ltr'><strong>pro-contentatione</strong></span> <span class='ocrx_word' id='word_1_287' title='bbox 3070 2950 3229 3015; x_wconf 87' lang='lat' dir='ltr'><strong>utri-</strong></span> 
     </span>
     <span class='ocr_line' id='line_1_29' title="bbox 500 3037 3227 3208; baseline -0 -18"><span class='ocrx_word' id='word_1_288' title='bbox 500 3056 710 3190; x_wconf 56' lang='lat'><strong>3323}</strong></span> <span class='ocrx_word' id='word_1_289' title='bbox 739 3039 1001 3203; x_wconf 58' lang='grc' dir='ltr'><strong>ἳῗῖῖἧῗ.</strong></span> <span class='ocrx_word' id='word_1_290' title='bbox 1029 3038 1214 3206; x_wconf 41' lang='grc' dir='ltr'><strong>’7ζέὲέ</strong></span> <span class='ocrx_word' id='word_1_291' title='bbox 1250 3055 1578 3208; x_wconf 63' lang='grc' dir='ltr'><strong>ἓῗῖξ.ἓὲ.ἲῖ</strong></span> <span class='ocrx_word' id='word_1_292' title='bbox 1620 3037 2621 3207; x_wconf 52' lang='grc' dir='ltr'><strong>ἓέἕῗέ.ρῖἓὲῖ.ἳέῗ“ζηῗὲἐὲῗὶὲῒ</strong></span> <span class='ocrx_word' id='word_1_293' title='bbox 2666 3037 3227 3208; x_wconf 58' lang='grc' dir='ltr'><strong>ἓ3,“ζὲἒ“ζέἒὲ.ιὲἓ</strong></span> 
     </span>
     <span class='ocr_line' id='line_1_30' title="bbox 499 3211 3227 3296; baseline -0.001 -19"><span class='ocrx_word' id='word_1_294' title='bbox 499 3215 563 3277; x_wconf 90' lang='lat' dir='ltr'><strong>et</strong></span> <span class='ocrx_word' id='word_1_295' title='bbox 610 3211 969 3295; x_wconf 78' lang='lat' dir='ltr'><strong>peticioneS‚</strong></span> <span class='ocrx_word' id='word_1_296' title='bbox 1015 3230 1168 3294; x_wconf 89' lang='lat' dir='ltr'><strong>quas</strong></span> <span class='ocrx_word' id='word_1_297' title='bbox 1215 3213 1424 3293; x_wconf 89' lang='lat' dir='ltr'><strong>partes</strong></span> <span class='ocrx_word' id='word_1_298' title='bbox 1471 3211 1779 3277; x_wconf 91' lang='lat' dir='ltr'><strong>voluerint</strong></span> <span class='ocrx_word' id='word_1_299' title='bbox 1833 3214 2133 3295; x_wconf 90' lang='lat' dir='ltr'><strong>deponere</strong></span> <span class='ocrx_word' id='word_1_300' title='bbox 2180 3215 2246 3277; x_wconf 92' lang='lat' dir='ltr'><strong>et</strong></span> <span class='ocrx_word' id='word_1_301' title='bbox 2292 3212 2495 3278; x_wconf 88' lang='lat' dir='ltr'><strong>facere</strong></span> <span class='ocrx_word' id='word_1_302' title='bbox 2541 3212 2866 3296; x_wconf 77' lang='lat' dir='ltr'><strong>utrinque,</strong></span> <span class='ocrx_word' id='word_1_303' title='bbox 2931 3212 2995 3276; x_wconf 90' lang='lat' dir='ltr'><strong>et</strong></span> <span class='ocrx_word' id='word_1_304' title='bbox 3036 3211 3227 3276; x_wconf 80' lang='lat' dir='ltr'><strong>infor—</strong></span> 
     </span>
     <span class='ocr_line' id='line_1_31' title="bbox 497 3299 3226 3383; baseline 0 -20"><span class='ocrx_word' id='word_1_305' title='bbox 497 3300 671 3365; x_wconf 91' lang='lat' dir='ltr'><strong>ment</strong></span> <span class='ocrx_word' id='word_1_306' title='bbox 715 3318 780 3363; x_wconf 92' lang='lat' dir='ltr'><strong>se</strong></span> <span class='ocrx_word' id='word_1_307' title='bbox 826 3299 1395 3382; x_wconf 89' lang='lat' dir='ltr'><strong>quomodocumque</strong></span> <span class='ocrx_word' id='word_1_308' title='bbox 1460 3301 1751 3382; x_wconf 80' lang='lat' dir='ltr'><strong>poterunt</strong></span> <span class='ocrx_word' id='word_1_309' title='bbox 1810 3299 1887 3363; x_wconf 86' lang='lat' dir='ltr'><strong>de</strong></span> <span class='ocrx_word' id='word_1_310' title='bbox 1949 3299 2212 3365; x_wconf 83' lang='lat' dir='ltr'><strong>veritate</strong></span> <span class='ocrx_word' id='word_1_311' title='bbox 2257 3300 2648 3383; x_wconf 84' lang='lat' dir='ltr'><strong>negociorum</strong></span> <span class='ocrx_word' id='word_1_312' title='bbox 2672 3348 2688 3378; x_wconf 88' lang='lat'>‚</span> <span class='ocrx_word' id='word_1_313' title='bbox 2736 3301 2801 3364; x_wconf 85' lang='lat' dir='ltr'><strong>et</strong></span> <span class='ocrx_word' id='word_1_314' title='bbox 2843 3300 2996 3364; x_wconf 86' lang='lat' dir='ltr'><strong>dent</strong></span> <span class='ocrx_word' id='word_1_315' title='bbox 3051 3299 3226 3364; x_wconf 89' lang='lat' dir='ltr'><strong>nobis</strong></span> 
     </span>
     <span class='ocr_line' id='line_1_32' title="bbox 498 3384 3222 3471; baseline -0 -19"><span class='ocrx_word' id='word_1_316' title='bbox 498 3405 682 3452; x_wconf 86' lang='lat' dir='ltr'><strong>suum</strong></span> <span class='ocrx_word' id='word_1_317' title='bbox 727 3385 1056 3451; x_wconf 90' lang='lat' dir='ltr'><strong>consilium</strong></span> <span class='ocrx_word' id='word_1_318' title='bbox 1103 3386 1168 3451; x_wconf 91' lang='lat' dir='ltr'><strong>in</strong></span> <span class='ocrx_word' id='word_1_319' title='bbox 1215 3384 1489 3468; x_wconf 82' lang='lat' dir='ltr'><strong>scriptis,</strong></span> <span class='ocrx_word' id='word_1_320' title='bbox 1520 3406 1678 3462; x_wconf 53' lang='lat' dir='ltr'><strong>,cum</strong></span> <span class='ocrx_word' id='word_1_321' title='bbox 1721 3407 1841 3471; x_wconf 91' lang='lat' dir='ltr'><strong>quo</strong></span> <span class='ocrx_word' id='word_1_322' title='bbox 1891 3388 2118 3451; x_wconf 89' lang='lat' dir='ltr'><strong>erimus</strong></span> <span class='ocrx_word' id='word_1_323' title='bbox 2164 3386 2284 3464; x_wconf 88' lang='lat' dir='ltr'><strong>hic,</strong></span> <span class='ocrx_word' id='word_1_324' title='bbox 2334 3388 2399 3452; x_wconf 90' lang='lat' dir='ltr'><strong>et</strong></span> <span class='ocrx_word' id='word_1_325' title='bbox 2443 3389 2590 3463; x_wconf 84' lang='lat' dir='ltr'><strong>fiet,</strong></span> <span class='ocrx_word' id='word_1_326' title='bbox 2653 3387 2819 3452; x_wconf 89' lang='lat' dir='ltr'><strong>sicut</strong></span> <span class='ocrx_word' id='word_1_327' title='bbox 2878 3385 3222 3463; x_wconf 78' lang='lat' dir='ltr'><strong>videbitur3</strong></span> 
     </span>
     <span class='ocr_line' id='line_1_33' title="bbox 496 3473 3218 3560; baseline 0 -22"><span class='ocrx_word' id='word_1_328' title='bbox 496 3476 561 3539; x_wconf 87' lang='lat' dir='ltr'><strong>et</strong></span> <span class='ocrx_word' id='word_1_329' title='bbox 605 3473 868 3556; x_wconf 89' lang='lat' dir='ltr'><strong>quilibet</strong></span> <span class='ocrx_word' id='word_1_330' title='bbox 913 3474 1109 3557; x_wconf 87' lang='lat' dir='ltr'><strong>possit</strong></span> <span class='ocrx_word' id='word_1_331' title='bbox 1153 3491 1381 3557; x_wconf 90' lang='lat' dir='ltr'><strong>ponere</strong></span> <span class='ocrx_word' id='word_1_332' title='bbox 1426 3477 1692 3558; x_wconf 82' lang='lat' dir='ltr'><strong>partem,</strong></span> <span class='ocrx_word' id='word_1_333' title='bbox 1738 3476 1804 3540; x_wconf 92' lang='lat' dir='ltr'><strong>et</strong></span> <span class='ocrx_word' id='word_1_334' title='bbox 1849 3473 2123 3540; x_wconf 81' lang='lat' dir='ltr'><strong>habeant</strong></span> <span class='ocrx_word' id='word_1_335' title='bbox 2188 3474 2528 3540; x_wconf 87' lang='lat' dir='ltr'><strong>terminum</strong></span> <span class='ocrx_word' id='word_1_336' title='bbox 2576 3489 2686 3558; x_wconf 85' lang='lat' dir='ltr'><strong>per</strong></span> <span class='ocrx_word' id='word_1_337' title='bbox 2730 3476 2934 3540; x_wconf 85' lang='lat' dir='ltr'><strong>totum</strong></span> <span class='ocrx_word' id='word_1_338' title='bbox 2972 3493 3218 3560; x_wconf 84' lang='lat' dir='ltr'><strong>presen-</strong></span> 
     </span>
     <span class='ocr_line' id='line_1_34' title="bbox 500 3559 3223 3645; baseline 0 -18"><span class='ocrx_word' id='word_1_339' title='bbox 500 3565 628 3627; x_wconf 91' lang='lat' dir='ltr'><strong>tem</strong></span> <span class='ocrx_word' id='word_1_340' title='bbox 671 3580 983 3637; x_wconf 80' lang='lat' dir='ltr'><strong>mensem3</strong></span> <span class='ocrx_word' id='word_1_341' title='bbox 1033 3563 1096 3626; x_wconf 90' lang='lat' dir='ltr'><strong>et</strong></span> <span class='ocrx_word' id='word_1_342' title='bbox 1133 3561 1187 3625; x_wconf 90' lang='lat' dir='ltr'><strong>si</strong></span> <span class='ocrx_word' id='word_1_343' title='bbox 1229 3563 1414 3626; x_wconf 88' lang='lat' dir='ltr'><strong>antea</strong></span> <span class='ocrx_word' id='word_1_344' title='bbox 1455 3560 1686 3627; x_wconf 85' lang='lat' dir='ltr'><strong>fuerint</strong></span> <span class='ocrx_word' id='word_1_345' title='bbox 1731 3559 2041 3645; x_wconf 82' lang='lat' dir='ltr'><strong>expediti,</strong></span> <span class='ocrx_word' id='word_1_346' title='bbox 2104 3563 2288 3627; x_wconf 87' lang='lat' dir='ltr'><strong>antea</strong></span> <span class='ocrx_word' id='word_1_347' title='bbox 2356 3561 2562 3628; x_wconf 89' lang='lat' dir='ltr'><strong>venire</strong></span> <span class='ocrx_word' id='word_1_348' title='bbox 2651 3561 2849 3628; x_wconf 90' lang='lat' dir='ltr'><strong>ossint</strong></span> <span class='ocrx_word' id='word_1_349' title='bbox 2897 3561 2977 3626; x_wconf 89' lang='lat' dir='ltr'><strong>ad</strong></span> <span class='ocrx_word' id='word_1_350' title='bbox 3023 3563 3223 3627; x_wconf 88' lang='lat' dir='ltr'><strong>consi-</strong></span> 
     </span>
     <span class='ocr_line' id='line_1_35' title="bbox 495 3645 3230 3732; baseline 0 -18"><span class='ocrx_word' id='word_1_351' title='bbox 495 3650 676 3715; x_wconf 89' lang='lat' dir='ltr'><strong>lium.</strong></span> <span class='ocrx_word' id='word_1_352' title='bbox 722 3648 920 3715; x_wconf 88' lang='lat' dir='ltr'><strong>Electi</strong></span> <span class='ocrx_word' id='word_1_353' title='bbox 966 3647 1313 3732; x_wconf 88' lang='lat' dir='ltr'><strong>sapientes:</strong></span> <span class='ocrx_word' id='word_1_354' title='bbox 1383 3668 1480 3714; x_wconf 89' lang='lat' dir='ltr'><strong>ser</strong></span> <span class='ocrx_word' id='word_1_355' title='bbox 1525 3647 1828 3731; x_wconf 87' lang='lat' dir='ltr'><strong>Mapheus</strong></span> <span class='ocrx_word' id='word_1_356' title='bbox 1890 3647 2255 3730; x_wconf 85' lang='lat' dir='ltr'><strong>Barbadico‚</strong></span> <span class='ocrx_word' id='word_1_357' title='bbox 2315 3666 2414 3715; x_wconf 90' lang='lat' dir='ltr'><strong>ser</strong></span> <span class='ocrx_word' id='word_1_358' title='bbox 2456 3645 2610 3717; x_wconf 85' lang='lat' dir='ltr'><strong>Nico</strong></span> <span class='ocrx_word' id='word_1_359' title='bbox 2640 3667 2751 3716; x_wconf 89' lang='lat' dir='ltr'><strong>aus</strong></span> <span class='ocrx_word' id='word_1_360' title='bbox 2801 3645 3063 3731; x_wconf 82' lang='lat' dir='ltr'><strong>Viadr0,</strong></span> <span class='ocrx_word' id='word_1_361' title='bbox 3130 3668 3230 3715; x_wconf 90' lang='lat' dir='ltr'><strong>ser</strong></span> 
     </span>
    </p>
   </div>
   <div class='ocr_carea' id='block_1_6' title="bbox 499 3737 1950 3897">
    <p class='ocr_par' dir='ltr' id='par_1_8' title="bbox 499 3737 1950 3897">
     <span class='ocr_line' id='line_1_36' title="bbox 499 3737 967 3803; baseline 0.002 -2"><span class='ocrx_word' id='word_1_362' title='bbox 499 3737 721 3803; x_wconf 85' lang='lat' dir='ltr'><strong>Petrus</strong></span> <span class='ocrx_word' id='word_1_363' title='bbox 765 3737 967 3803; x_wconf 86' lang='lat' dir='ltr'><strong>Erizo.</strong></span> 
     </span>
     <span class='ocr_line' id='line_1_37' title="bbox 583 3827 1950 3897; baseline -0.001 -10"><span class='ocrx_word' id='word_1_364' title='bbox 583 3829 765 3889; x_wconf 64' lang='lat' dir='ltr'><strong>Mitti</strong></span> <span class='ocrx_word' id='word_1_365' title='bbox 811 3828 942 3889; x_wconf 86' lang='lat' dir='ltr'><strong>XX</strong></span> <span class='ocrx_word' id='word_1_366' title='bbox 950 3829 1052 3888; x_wconf 85' lang='lat' dir='ltr'><strong>VI.</strong></span> <span class='ocrx_word' id='word_1_367' title='bbox 1101 3829 1204 3897; x_wconf 84' lang='lat'><strong>93,</strong></span> <span class='ocrx_word' id='word_1_368' title='bbox 1250 3845 1293 3886; x_wconf 79' lang='lat' dir='ltr'><strong>u</strong></span> <span class='ocrx_word' id='word_1_369' title='bbox 1333 3828 1549 3887; x_wconf 75' lang='lat' dir='ltr'><strong>arkivu</strong></span> <span class='ocrx_word' id='word_1_370' title='bbox 1590 3827 1950 3888; x_wconf 67' lang='lat' dir='ltr'><strong>mlctaclcom.</strong></span> 
     </span>
    </p>
   </div>
   <div class='ocr_carea' id='block_1_7' title="bbox 922 4014 2815 4219">
    <p class='ocr_par' dir='ltr' id='par_1_9' title="bbox 922 4014 2815 4219">
     <span class='ocr_line' id='line_1_38' title="bbox 922 4014 2815 4118; baseline -0.001 -19"><span class='ocrx_word' id='word_1_371' title='bbox 922 4014 1205 4099; x_wconf 79' lang='lat' dir='ltr'>CCCL.</span> <span class='ocrx_word' id='word_1_372' title='bbox 1285 4015 1492 4099; x_wconf 65' lang='grc' dir='ltr'><strong>θοὰ.</strong></span> <span class='ocrx_word' id='word_1_373' title='bbox 1549 4015 1772 4100; x_wconf 75' lang='lat'>1352.</span> <span class='ocrx_word' id='word_1_374' title='bbox 1832 4017 1885 4098; x_wconf 78' lang='lat'>9</span> <span class='ocrx_word' id='word_1_375' title='bbox 1939 4016 2254 4118; x_wconf 72' lang='lat' dir='ltr'><strong>lipnja,</strong></span> <span class='ocrx_word' id='word_1_376' title='bbox 2308 4033 2367 4098; x_wconf 87' lang='lat' dir='ltr'><strong>u</strong></span> <span class='ocrx_word' id='word_1_377' title='bbox 2423 4016 2815 4100; x_wconf 78' lang='lat' dir='ltr'><strong>Mleteih.</strong></span> 
     </span>
     <span class='ocr_line' id='line_1_39' title="bbox 967 4129 2764 4219; baseline -0.001 -16"><span class='ocrx_word' id='word_1_378' title='bbox 967 4129 1142 4217; x_wconf 66' lang='lat' dir='ltr'><strong>Sava</strong></span> <span class='ocrx_word' id='word_1_379' title='bbox 1186 4159 1249 4203; x_wconf 76' lang='lat' dir='ltr'><strong>se</strong></span> <span class='ocrx_word' id='word_1_380' title='bbox 1293 4160 1336 4201; x_wconf 78' lang='lat' dir='ltr'><em>u</em></span> <span class='ocrx_word' id='word_1_381' title='bbox 1386 4141 1595 4203; x_wconf 73' lang='lat' dir='ltr'><strong>Zaaar</strong></span> <span class='ocrx_word' id='word_1_382' title='bbox 1638 4144 1809 4203; x_wconf 57' lang='lat' dir='ltr'><strong>novor</strong></span> <span class='ocrx_word' id='word_1_383' title='bbox 1852 4161 1927 4203; x_wconf 72' lang='lat' dir='ltr'><strong>za</strong></span> <span class='ocrx_word' id='word_1_384' title='bbox 1961 4142 2137 4217; x_wconf 67' lang='lat' dir='ltr'><strong>pzaaee</strong></span> <span class='ocrx_word' id='word_1_385' title='bbox 2182 4144 2206 4202; x_wconf 63' lang='grc' dir='ltr'><strong>ι·</strong></span> <span class='ocrx_word' id='word_1_386' title='bbox 2253 4144 2437 4219; x_wconf 62' lang='lat' dir='ltr'><strong>druge</strong></span> <span class='ocrx_word' id='word_1_387' title='bbox 2483 4142 2764 4204; x_wconf 62' lang='lat' dir='ltr'><strong>troskove.</strong></span> 
     </span>
    </p>
   </div>
   <div class='ocr_carea' id='block_1_8' title="bbox 492 4263 3222 4511">
    <p class='ocr_par' dir='ltr' id='par_1_10' title="bbox 492 4263 3222 4511">
     <span class='ocr_line' id='line_1_40' title="bbox 710 4263 3222 4349; baseline 0.002 -22"><span class='ocrx_word' id='word_1_388' title='bbox 710 4263 897 4328; x_wconf 71' lang='lat'><strong>1352.</strong></span> <span class='ocrx_word' id='word_1_389' title='bbox 946 4264 1045 4328; x_wconf 92' lang='lat' dir='ltr'><strong>die</strong></span> <span class='ocrx_word' id='word_1_390' title='bbox 1090 4264 1184 4327; x_wconf 89' lang='lat' dir='ltr'><strong>IX</strong></span> <span class='ocrx_word' id='word_1_391' title='bbox 1230 4264 1401 4342; x_wconf 82' lang='lat' dir='ltr'><strong>iunii,</strong></span> <span class='ocrx_word' id='word_1_392' title='bbox 1451 4265 1675 4347; x_wconf 84' lang='lat' dir='ltr'><strong>capta:</strong></span> <span class='ocrx_word' id='word_1_393' title='bbox 1723 4264 1883 4347; x_wconf 90' lang='lat' dir='ltr'><strong>quod</strong></span> <span class='ocrx_word' id='word_1_394' title='bbox 1932 4283 2042 4347; x_wconf 89' lang='lat' dir='ltr'><strong>pro</strong></span> <span class='ocrx_word' id='word_1_395' title='bbox 2090 4265 2270 4349; x_wconf 83' lang='lat' dir='ltr'><strong>pagis</strong></span> <span class='ocrx_word' id='word_1_396' title='bbox 2316 4265 2379 4330; x_wconf 91' lang='lat' dir='ltr'><strong>et</strong></span> <span class='ocrx_word' id='word_1_397' title='bbox 2423 4264 2565 4329; x_wconf 91' lang='lat' dir='ltr'><strong>aliis</strong></span> <span class='ocrx_word' id='word_1_398' title='bbox 2590 4266 2871 4347; x_wconf 83' lang='lat' dir='ltr'><strong>expensis</strong></span> <span class='ocrx_word' id='word_1_399' title='bbox 2904 4279 3222 4331; x_wconf 71' lang='lat' dir='ltr'><strong>neccessa-</strong></span> 
     </span>
     <span class='ocr_line' id='line_1_41' title="bbox 492 4347 3218 4435; baseline 0.001 -22"><span class='ocrx_word' id='word_1_400' title='bbox 492 4352 603 4414; x_wconf 88' lang='lat' dir='ltr'><strong>riis</strong></span> <span class='ocrx_word' id='word_1_401' title='bbox 646 4350 708 4415; x_wconf 88' lang='lat' dir='ltr'><strong>in</strong></span> <span class='ocrx_word' id='word_1_402' title='bbox 754 4351 946 4417; x_wconf 82' lang='lat' dir='ltr'><strong>Jadra</strong></span> <span class='ocrx_word' id='word_1_403' title='bbox 994 4353 1326 4416; x_wconf 87' lang='lat' dir='ltr'><strong>mittantur</strong></span> <span class='ocrx_word' id='word_1_404' title='bbox 1372 4370 1483 4435; x_wconf 89' lang='lat' dir='ltr'><strong>per</strong></span> <span class='ocrx_word' id='word_1_405' title='bbox 1507 4352 1853 4434; x_wconf 88' lang='lat' dir='ltr'><strong>provisores</strong></span> <span class='ocrx_word' id='word_1_406' title='bbox 1878 4353 2143 4432; x_wconf 81' lang='lat' dir='ltr'><strong>nostros,</strong></span> <span class='ocrx_word' id='word_1_407' title='bbox 2195 4353 2296 4435; x_wconf 89' lang='lat' dir='ltr'><strong>qui</strong></span> <span class='ocrx_word' id='word_1_408' title='bbox 2345 4371 2506 4418; x_wconf 91' lang='lat' dir='ltr'><strong>nunc</strong></span> <span class='ocrx_word' id='word_1_409' title='bbox 2531 4354 2780 4431; x_wconf 85' lang='lat' dir='ltr'><strong>vadunt,</strong></span> <span class='ocrx_word' id='word_1_410' title='bbox 2830 4352 3034 4418; x_wconf 83' lang='lat' dir='ltr'><strong>ducali</strong></span> <span class='ocrx_word' id='word_1_411' title='bbox 3058 4347 3218 4417; x_wconf 83' lang='grc' dir='ltr'><strong>ΜΜ.</strong></span> 
     </span>
     <span class='ocr_line' id='line_1_42' title="bbox 580 4439 1968 4511; baseline 0.001 -12"><span class='ocrx_word' id='word_1_412' title='bbox 580 4439 775 4510; x_wconf 68' lang='lat' dir='ltr'><strong>Misti,</strong></span> <span class='ocrx_word' id='word_1_413' title='bbox 823 4442 953 4499; x_wconf 84' lang='lat' dir='ltr'><strong>XX</strong></span> <span class='ocrx_word' id='word_1_414' title='bbox 962 4439 1064 4501; x_wconf 86' lang='lat' dir='ltr'><strong>VI.</strong></span> <span class='ocrx_word' id='word_1_415' title='bbox 1112 4441 1213 4511; x_wconf 85' lang='lat'><strong>93,</strong></span> <span class='ocrx_word' id='word_1_416' title='bbox 1261 4460 1306 4500; x_wconf 77' lang='lat' dir='ltr'><strong><em>u</em></strong></span> <span class='ocrx_word' id='word_1_417' title='bbox 1347 4443 1690 4503; x_wconf 64' lang='lat' dir='ltr'><strong>mletaeleom</strong></span> <span class='ocrx_word' id='word_1_418' title='bbox 1734 4444 1968 4503; x_wconf 75' lang='lat' dir='ltr'><strong>arkivu.</strong></span> 
     </span>
    </p>
   </div>
  </div>
 </body>
</html>
