3620 5282
471 363 594 431 138

463 545 795 625 neciarum,
841 551 1048 612 actum
1097 549 1160 611 et
1205 549 1575 612 conventum
1623 547 1742 611 fuit
1788 548 1952 612 inter
2001 547 2199 613 dictas
2245 550 2470 630 partos),
2520 550 2680 632 quod
2728 570 2833 633 per
2868 570 3193 617 commune

469 635 871 700 Veneciarum
921 636 1084 699 dicto
1133 636 1376 699 domino
1422 636 1486 698 et
1527 635 1839 699 communi
1890 636 2097 700 Padue
2164 635 2397 700 dictum
2468 637 2557 701 sal
2623 637 2755 702 dari
2818 638 3041 703 debeat
3100 657 3198 702 se-

462 722 728 787 cundum
780 726 958 805 pacta
1006 724 1160 787 inita
1207 724 1367 787 inter
1413 722 1614 786 dictas
1661 726 1866 805 partes
1912 728 2056 788 ante
2104 722 2443 805 predictam
2499 724 2785 790 ultimam
2852 744 3081 806 pacem,
3130 729 3197 789 et

460 829 642 891 snper
703 811 818 874 hoc
882 812 1048 876 dicta
1090 814 1268 893 pacta
1310 814 1455 875 ante
1523 811 1751 876 dictam
1825 829 2040 893 pacem
2113 811 2272 875 inita
2330 812 2735 878 observentur
2797 817 2861 878 et
2926 815 3195 880 debeant

464 898 794 962 observari.

671 987 829 1049 ltem
890 1005 1074 1067 super
1132 986 1536 1068 requisitione
1601 986 1766 1050 facta
1828 1004 1936 1069 pro
2001 989 2172 1067 parte
2236 986 2548 1070 magnifici
2608 988 2844 1052 domini
2914 989 3195 1053 Paduani

462 1072 684 1152 prefati
728 1075 800 1137 de
846 1072 1088 1139 ducatis
1134 1074 1353 1156 viginti
1404 1075 1686 1139 millibus
1748 1075 1995 1138 domine
2055 1075 2204 1138 Fine
2266 1076 2411 1139 olim
2476 1077 2784 1139 consortis
2843 1076 2992 1141 dicti
3058 1094 3194 1140 ma-

459 1160 672 1239 gnifici
720 1161 951 1226 domini
999 1162 1224 1239 Padue,
1274 1164 1480 1225 actum
1532 1165 1597 1226 et
1641 1163 2011 1226 conventum
2040 1163 2159 1226 fuit
2203 1164 2364 1227 inter
2410 1163 2610 1227 dictas
2655 1165 2884 1246 parteS,
2929 1164 3090 1245 qnod
3135 1165 3187 1227 si

461 1245 740 1329 legitime
787 1251 1079 1331 probetur
1125 1249 1357 1314 dictam
1406 1249 1726 1331 pecuniam
1790 1251 1851 1313 in
1902 1251 2032 1314 toto
2090 1250 2185 1314 vel
2248 1253 2422 1333 parte
2482 1252 2833 1332 pervenisse
2901 1250 2964 1314 in
3026 1270 3194 1315 com-

465 1353 647 1398 mune
697 1336 1098 1401 Veneciarum
1146 1336 1241 1400 vel
1289 1336 1419 1400 eius
1465 1337 1777 1414 officialeS,
1819 1338 1975 1419 quod
2021 1337 2086 1401 in
2133 1339 2332 1402 totum
2386 1338 2477 1404 vel
2529 1356 2634 1419 pro
2694 1357 2766 1402 ea
2824 1340 3014 1419 parte,
3077 1357 3195 1419 que

462 1422 540 1484 ad
587 1440 691 1486 eos
739 1425 1138 1505 pervenisset,
1185 1444 1291 1506 per
1348 1425 1584 1489 dictum
1648 1443 1972 1490 commune
2022 1425 2428 1489 veneciarum
2491 1427 2600 1490 fiet
2657 1428 2722 1489 et
2781 1427 2909 1490 fieri
2975 1425 3198 1489 debeat

463 1510 627 1573 dicto
672 1510 917 1577 donnino
962 1514 1252 1577 Paduano
1300 1530 1410 1576 seu
1456 1512 1782 1577 heredibus
1831 1513 1993 1577 dicte
2036 1512 2283 1577 domine
2330 1513 2482 1577 Fine
2527 1513 2877 1589 restitutio;
2926 1514 2980 1577 si
3052 1531 3195 1577 vero

463 1597 524 1660 in
571 1599 921 1681 singulares
971 1619 1256 1682 personas
1303 1600 1701 1682 pervenisset,
1753 1601 1863 1664 fiet
1908 1600 2047 1663 indo
2095 1600 2343 1683 plenum
2413 1603 2477 1666 et
2537 1602 2888 1685 expeditum
2948 1600 3196 1684 justitie

463 1686 1004 1768 complementum.

670 1775 828 1838 ltem
873 1776 994 1840 fuit
1042 1778 1250 1840 actum
1299 1778 1363 1839 et
1408 1778 1776 1840 conventum
1829 1777 1988 1839 inter
2033 1775 2231 1840 dictas
2278 1779 2507 1858 parteS,
2557 1775 2712 1858 quod
2757 1776 2965 1840 omnia
3010 1779 3196 1857 pacta

464 1860 621 1924 inita
670 1863 829 1926 inter
875 1863 1071 1927 dictas
1116 1868 1326 1945 partes
1372 1866 1516 1927 ante
1562 1864 1796 1928 dictam
1845 1881 2057 1945 pacem
2105 1862 2328 1927 ultimo
2375 1864 2559 1940 facta,
2605 1864 2682 1928 de
2747 1882 2868 1947 qna
2910 1863 3196 1946 superius

467 1948 631 2011 facta
675 1954 770 2013 est
817 1951 1067 2027 mentio,
1115 1952 1380 2016 debeant
1425 1952 1586 2016 inter
1654 1952 1825 2033 ipsas
1888 1953 2095 2032 partes
2154 1951 2599 2015 inviolabiliter
2652 1951 2965 2017 observari
3011 1970 3198 2032 super

461 2035 576 2109 hie,
626 2055 806 2119 super
848 2038 1069 2122 quibus
1115 2058 1224 2122 per
1270 2041 1617 2121 presentem
1665 2058 1878 2120 pacem
1934 2038 2285 2121 specialiter
2334 2059 2449 2104 non
2497 2043 2593 2101 est
2639 2039 2969 2121 provisum.

671 2144 826 2207 Item
877 2162 1060 2226 super
1106 2162 1177 2208 eo
1225 2145 1385 2228 quod
1434 2165 1541 2227 per
1594 2143 1856 2209 alteram
1916 2143 2225 2208 dictarum
2299 2147 2566 2226 partium
2640 2144 2983 2227 petebatur,
3032 2146 3192 2224 qnod

465 2230 623 2292 dirui
672 2232 964 2296 deberent
1008 2235 1073 2298 et
1117 2234 1364 2313 dirupta
1410 2237 1575 2297 stare
1621 2234 1829 2297 omnia
1874 2233 2101 2310 castra,
2171 2232 2403 2297 bastite
2466 2235 2529 2297 et
2589 2234 2741 2306 loca,
2790 2252 2907 2313 que
2982 2232 3198 2295 contra

464 2336 675 2398 pacem
738 2319 1156 2402 supradictam
1207 2321 1548 2385 reedificari
1612 2320 1828 2384 fecisse
1884 2320 2111 2383 dicitur
2171 2320 2446 2401 prefatus
2515 2319 2799 2383 dominus
2863 2317 3197 2383 Paduanus

464 2404 769 2481 videlicet,
819 2410 1091 2471 castrum
1135 2407 1415 2484 Carrum,
1464 2407 1817 2484 Ordiacum,
1865 2406 2022 2471 alias
2055 2407 2476 2471 Portusnovus
2521 2427 2660 2471 cum
2710 2407 2838 2470 suis
2883 2406 3196 2470 fortiliciis

464 2493 530 2556 et
575 2494 764 2556 turris
812 2514 927 2575 que
974 2499 1069 2559 est
1115 2515 1184 2559 ex
1234 2495 1513 2577 opposito
1559 2495 1706 2559 dicti
1756 2492 1969 2569 castri,
2019 2496 2225 2558 actum
2292 2498 2357 2559 et
2412 2497 2781 2559 conventum
2850 2493 2969 2557 suit
3030 2494 3195 2557 inter

458 2580 656 2643 dictas
704 2586 908 2663 partes
958 2583 1306 2649 nominibus
1352 2588 1495 2648 ante
1542 2584 1747 2661 dictis,
1796 2584 1958 2666 quod
2006 2581 2173 2646 dicta
2220 2587 2446 2660 castra,
2502 2584 2749 2660 bastite,
2798 2582 3007 2657 turriS,
3071 2580 3196 2645 for-

461 2667 656 2731 tilicie
703 2672 766 2732 et
806 2670 937 2735 loca
1003 2675 1168 2735 stare
1232 2672 1495 2736 debeant
1557 2673 1652 2735 vel
1710 2671 1867 2735 dirui
1932 2690 2040 2753 pro
2101 2670 2284 2735 libito
2349 2672 2687 2737 voluntatis
2740 2670 2890 2734 dicti
2957 2670 3194 2733 domini

465 2755 736 2820 Paduani
787 2777 900 2823 non
953 2760 1240 2824 obstante
1289 2778 1436 2841 pace
1483 2761 1778 2841 predicta.

674 2863 830 2926 Item
903 2863 1021 2927 fuit
1067 2867 1270 2928 actum
1338 2865 1498 2928 inter
1559 2865 1754 2927 dictas
1817 2865 2043 2944 partes,
2100 2865 2169 2927 ut
2234 2863 2464 2927 domini
2524 2864 2782 2928 comites
2829 2864 2902 2926 de
2948 2860 3194 2926 Colalto

463 2948 636 3012 velut
681 2949 1046 3015 adherentes
1095 2953 1244 3016 dicti
1292 2951 1635 3016 communis
1686 2951 2093 3014 veneciarum
2143 2951 2203 3014 in
2253 2952 2523 3034 presenti
2568 2969 2718 3033 pace
2779 2968 2919 3013 cum
2979 2968 3191 3014 eorum

460 3036 748 3114 subditis,
797 3041 981 3102 rebus
1029 3042 1092 3103 et
1139 3039 1312 3103 bonis
1363 3039 1756 3104 includantur
1802 3041 1867 3102 et
1914 3038 2134 3102 inclusi
2183 3038 2546 3103 habeantur.

671 3143 829 3205 Item
878 3144 996 3207 suit
1040 3148 1249 3207 actum
1291 3145 1453 3207 inter
1498 3143 1694 3207 dictas
1743 3144 1952 3224 partos
1996 3142 2179 3206 dictis
2249 3142 2623 3218 nominibus,
2672 3143 2827 3225 quod
2892 3160 3008 3205 non
3074 3141 3187 3204 ob-

459 3229 770 3292 stantibus
816 3231 1127 3313 aliquibus
1176 3232 1371 3312 pactis
1420 3231 1515 3304 vel
1564 3230 2072 3295 conventionibus
2119 3230 2279 3294 inter
2327 3232 2525 3294 dictas
2574 3234 2781 3312 partes
2826 3230 2966 3292 binc
3024 3231 3189 3292 retro

459 3315 641 3378 factis
690 3320 815 3380 tam
864 3337 1191 3382 commune
1239 3319 1668 3397 Veneciarum,
1716 3339 1900 3400 quam
1951 3317 2170 3400 prefati
2218 3318 2450 3381 domini
2494 3319 2560 3381 et
2604 3335 2927 3381 commune
2978 3315 3188 3379 Padue

460 3405 524 3466 et
571 3402 835 3484 quilibet
876 3425 1087 3469 eorum
1137 3406 1298 3469 intra
1347 3408 1634 3482 confisae,
1699 3425 1817 3488 que
1878 3404 2375 3469 terminabuntur
2436 3408 2502 3469 et
2562 3405 3040 3468 declarabuntur
3107 3404 3187 3466 ad

460 3490 803 3572 quamlibet
867 3493 1146 3575 ipsarum
1217 3495 1486 3576 partium
1540 3494 1862 3574 pertinere,
1934 3492 2130 3574 possit
2191 3496 2253 3556 et
2316 3491 2524 3557 valeat
2591 3491 2866 3574 quelibet
2911 3491 3188 3571 ipsarum

463 3578 730 3658 partium
782 3579 947 3644 intra
994 3582 1293 3645 terminos
1340 3584 1405 3646 et
1445 3582 1717 3646 confines
1766 3600 1908 3644 suos
1955 3580 2127 3644 licite
2174 3583 2236 3643 et
2284 3581 2533 3662 impune
2583 3583 2647 3644 et
2691 3598 2799 3660 pro
2843 3597 2953 3642 suo
3004 3578 3189 3641 bene-

459 3666 687 3747 placito
758 3667 1095 3732 voluntatis
1164 3671 1516 3733 construere
1564 3673 1628 3734 et
1672 3668 1960 3733 edificare
2028 3672 2092 3730 et
2152 3667 2426 3732 construi
2483 3688 2591 3731 seu
2655 3666 2921 3731 edificari
2988 3665 3190 3730 facere

460 3771 840 3836 quecumque
889 3760 1110 3833 castra,
1161 3761 1360 3821 turres
1401 3761 1462 3820 et
1509 3756 1807 3821 fortilicia
1857 3759 1920 3819 et
1962 3758 2317 3820 constructa
2366 3757 2592 3818 tenere.

675 3861 826 3923 ltem
874 3860 995 3925 fuit
1043 3868 1254 3925 actum
1303 3863 1461 3925 inter
1505 3861 1704 3926 dictas
1751 3864 1958 3944 partes
1998 3862 2351 3925 nominibus
2377 3861 2724 3931 antedictis,
2757 3860 2920 3942 quod
2960 3862 3011 3920 si
3044 3880 3186 3922 con-

462 3947 666 4029 tingat
706 3949 973 4028 prefatos
1020 3951 1298 4015 dominos
1345 3953 1409 4013 et
1453 3970 1776 4014 commuue
1827 3949 2033 4013 Padno
2081 3951 2176 4013 vel
2225 3950 2490 4012 alterum
2556 3950 2829 4030 ipsorum
2896 3949 2955 4011 iu
3020 3947 3185 4010 sutu—

463 4053 596 4097 rum
646 4036 961 4116 acquirere
1012 4038 1105 4100 vel
1156 4039 1214 4101 iu
1264 4057 1363 4100 eos
1410 4037 1504 4101 vel
1545 4058 1754 4100 eorum
1803 4037 2072 4100 alterum
2128 4036 2587 4117 quomodolibet
2649 4035 2968 4117 pervenire
3034 4035 3183 4098 civi·

459 4123 621 4185 tates
669 4123 862 4188 Feltri
911 4127 976 4189 et
1019 4126 1268 4189 Belluui
1323 4127 1415 4189 vel
1466 4127 1735 4206 ipsarum
1775 4125 2058 4198 alteram,
2108 4124 2267 4204 quod
2303 4142 2419 4187 non
2452 4122 2846 4187 obstantibus
2878 4122 3185 4203 aliquibus

460 4210 653 4288 pactis
702 4213 796 4275 vel
842 4213 1348 4277 conventionibus
1406 4214 1565 4276 inter
1628 4215 1826 4277 dictas
1869 4213 2077 4293 partes
2138 4211 2325 4275 dictis
2392 4210 2741 4276 nominibus
2810 4211 2953 4274 hinc
3020 4212 3183 4272 retro

460 4295 633 4360 initis
683 4299 900 4379 prefati
949 4300 1180 4365 domini
1226 4303 1291 4365 et
1336 4319 1660 4365 commune
1711 4300 1918 4362 Padue
1965 4318 2072 4362 sen
2119 4299 2307 4380 aliqui
2360 4317 2568 4362 eorum
2602 4318 2717 4362 non
2753 4297 3184 4378 intelligantur

461 4402 571 4446 nec
614 4384 740 4448 sint
784 4388 1131 4469 obligatum
1174 4389 1269 4453 vel
1316 4389 1577 4470 obligati
1627 4390 1790 4452 dicto
1840 4387 2087 4452 domino
2135 4386 2270 4449 duci
2322 4388 2387 4450 et
2427 4387 2738 4450 communi
2781 4385 3180 4448 Veneciarum

459 4470 536 4532 ad
609 4472 727 4535 sibi
799 4477 1197 4551 tradendum,
1268 4477 1719 4540 restituendum
1790 4475 1890 4540 vel
1958 4474 2401 4537 dimittendum
2465 4472 2897 4545 Casamatam‚
2961 4473 3181 4536 turrim

460 4560 658 4623 sancti
706 4559 887 4625 Boldi
936 4566 998 4626 et
1046 4563 1294 4628 Clusam
1343 4565 1525 4642 Queri
1575 4581 1686 4626 nec
1732 4563 2001 4645 aliquem
2053 4561 2357 4624 dictorum
2403 4560 2701 4625 locorum.

673 4666 834 4730 Item
882 4667 1001 4731 fuit
1047 4672 1252 4732 actum
1304 4672 1370 4731 et
1415 4671 1779 4732 conventum
1831 4667 1993 4731 inter
2042 4668 2241 4730 dictas
2307 4669 2534 4748 partes,
2599 4664 2760 4748 qnod
2818 4666 2981 4729 sacta
3041 4682 3183 4745 pace

460 4754 731 4839 presenti
781 4771 992 4817 omnes
1040 4754 1271 4845 pallate
1317 4757 1383 4818 et
1428 4773 1648 4841 passus
1699 4753 1940 4820 ducalis
1988 4753 2241 4818 dominii
2291 4756 2354 4816 et
2392 4753 2771 4836 prefatorum
2798 4753 3179 4817 dominorum
