3620 5282
3015 383 3118 449 851

372 557 496 622 rius
543 556 739 641 galee,
792 578 908 642 que
956 560 1243 625 mittatur
1279 559 1358 624 ad
1405 561 1791 642 capitaneum
1841 561 2254 639 antedictum,
2327 563 2390 627 et
2444 561 2875 627 committatur
2920 560 3091 625 dicto

372 647 708 728 capitaneo,
756 648 912 729 quod
961 667 1098 712 cum
1148 649 1314 713 dicta
1360 650 1425 713 et
1469 669 1609 714 cum
1652 649 1820 732 ligno
1867 651 2077 714 nostro
2126 649 2366 732 riperie,
2416 649 2574 733 quod
2622 649 2842 714 debeat
2892 667 3096 713 rema-

370 754 507 798 nere
552 755 695 800 cum
736 753 825 809 eo,
877 736 1160 800 attendat
1207 737 1280 801 ad
1324 736 1810 816 custodiendum,
1861 757 1936 802 ne
1985 739 2199 821 gentes
2263 739 2327 803 et
2386 738 2546 802 bona
2611 738 2772 820 regis
2823 735 3096 818 Ungarie

374 821 467 885 vel
513 841 765 888 snorum
812 826 1131 888 transeant
1176 826 1247 889 de
1311 825 1633 891 Sclavonia
1694 826 1756 888 in
1803 825 2101 908 Apuliam
2164 825 2262 890 vel
2309 826 2382 890 de
2443 824 2684 908 Apulea
2724 827 2786 888 in
2850 825 3097 891 Sclavo-

369 911 552 987 niam,
602 910 1069 976 intromittendo
1108 932 1396 995 personas
1444 916 1507 978 et
1549 914 1719 990 bona,
1770 933 1886 996 que
1931 913 2253 992 inveniret,
2301 915 2366 977 et
2411 913 2486 977 ad
2522 917 2790 978 nostram
2845 932 3096 995 presen-

375 999 533 1063 ciam
580 1000 961 1065 destinando,
1010 1001 1090 1064 Et
1140 1004 1211 1064 ut
1257 1001 1368 1065 hec
1411 1002 1676 1066 intencio
1723 1005 1935 1067 nostra
1995 1021 2114 1066 non
2176 1003 2373 1085 possit
2435 1001 2757 1066 deffectum
2805 1001 3094 1084 recipere,

370 1087 676 1151 scribatur
720 1091 929 1153 nostro
969 1089 1178 1153 comiti
1227 1087 1399 1165 Arbi,
1449 1090 1605 1172 quod
1633 1092 1836 1154 armet
1874 1092 1949 1155 ad
1997 1109 2291 1175 expensas
2316 1090 2509 1154 nostri
2543 1089 2884 1154 communis
2918 1107 3094 1155 suam

370 1174 612 1255 galeam
662 1176 762 1241 vel
808 1177 1044 1259 lignum
1090 1197 1199 1259 pro
1246 1197 1365 1241 uno
1411 1197 1639 1255 mense,
1691 1178 2047 1260 accipiendo
2093 1180 2166 1243 de
2221 1180 2349 1243 suis
2394 1177 2769 1255 hominibus,
2828 1177 2983 1260 Pagi
3035 1179 3099 1241 et

371 1261 602 1339 Chersi,
653 1263 816 1328 sicut
854 1264 1081 1330 melius
1124 1265 1371 1347 poterit,
1437 1267 1598 1348 quod
1658 1266 1876 1330 mittat
1936 1268 2144 1331 nostro
2209 1267 2526 1349 capitaneo
2574 1265 2944 1348 supradicte.
3014 1265 3098 1329 Et

373 1351 676 1415 scribatur
724 1353 913 1416 etiam
962 1373 1060 1418 ser
1106 1352 1456 1418 Justiniano
1496 1353 1867 1421 Justiniano.
1915 1355 2239 1438 capitaneo
2283 1353 2549 1432 unionis,
2599 1353 2758 1436 quod
2793 1372 2984 1418 unam
3020 1354 3093 1419 de

371 1438 562 1520 galeis
607 1439 752 1504 culfi
792 1440 1006 1505 mittat
1052 1443 1128 1505 ad
1175 1445 1381 1522 partes
1424 1441 1649 1524 Apulie
1710 1442 1787 1505 ad
1852 1442 2181 1506 levandum
2246 1445 2615 1507 mercatores
2661 1445 2725 1507 et
2778 1442 2938 1506 bona
2984 1459 3095 1505 no-

371 1528 657 1604 strorum,
704 1549 820 1611 qne
866 1530 1138 1593 nundum
1186 1529 1548 1594 recesissent
1596 1530 1671 1594 de
1718 1530 1999 1613 partibus
2045 1530 2309 1612 Apulie,
2360 1531 2412 1594 si
2459 1530 2764 1595 voluerint
2809 1530 2950 1595 inde
2995 1548 3094 1594 re-

372 1614 605 1693 cedere,
654 1619 717 1679 et
762 1616 1028 1699 reliquas
1092 1618 1301 1696 galeas
1368 1618 1581 1682 mittat
1643 1618 1719 1682 ad
1784 1618 2172 1701 capitaneum
2234 1637 2413 1683 suum
2478 1619 2540 1682 in
2588 1617 2869 1700 partibus
2919 1616 3094 1682 Scla-

372 1703 569 1777 vonie,
598 1722 761 1768 cum
810 1706 1032 1786 quibus
1073 1705 1234 1769 idem
1281 1707 1635 1788 capitaneus
1682 1707 1848 1781 culfi,
1897 1725 2036 1771 cum
2083 1705 2160 1771 ad
2212 1726 2354 1770 eum
2376 1706 2758 1789 aplicuerint,
2808 1706 3096 1771 attendat

369 1791 608 1855 solicite
652 1793 841 1856 simul
888 1796 952 1857 et
996 1793 1247 1858 divisim
1297 1796 1359 1858 et
1401 1795 1504 1858 ubi
1552 1797 1615 1858 et
1661 1795 1822 1859 sicut
1871 1795 1989 1859 sibi
2035 1793 2256 1859 melius
2304 1793 2611 1859 videbitur
2652 1796 2727 1857 ad
2777 1792 3094 1876 complen-

368 1880 516 1942 dum
563 1881 840 1944 nostram
904 1881 1309 1946 intentionem
1374 1881 1713 1964 predictam
1765 1886 1979 1947 contra
2044 1900 2333 1966 personas
2380 1884 2444 1947 et
2486 1882 2643 1947 bona
2708 1882 2909 1964 gentis
2955 1902 3093 1965 pre-

369 1967 517 2031 dicti
584 1968 746 2050 regis
795 1968 1098 2052 Ungarie;
1162 1972 1225 2034 et
1270 1970 1434 2035 dicto
1475 1990 1574 2034 ser
1618 1970 1971 2036 Justiniano
2018 1971 2359 2048 scribatur,
2426 1970 2580 2052 quod
2648 1989 2788 2033 cum
2837 1987 2950 2033 sua
2994 1988 3095 2033 ar-

370 2058 536 2119 mata
578 2057 819 2121 unionis
866 2060 992 2121 stet
1029 2060 1103 2122 ad
1151 2061 1342 2140 caput
1388 2058 1561 2122 Milei
1612 2061 1674 2122 et
1719 2060 1796 2123 ab
1838 2059 1978 2123 inde
2025 2060 2209 2137 citra,
2258 2059 2421 2124 sicut
2461 2059 2579 2123 sibi
2628 2059 2935 2122 ridebitur
2981 2076 3091 2139 pro

371 2145 705 2209 securitate
750 2145 1136 2229 navigiorum
1187 2148 1555 2211 nostrorum.
1604 2147 1683 2210 Et
1725 2150 2048 2229 propterea
2094 2147 2382 2212 mittatur
2428 2146 2506 2211 ad
2553 2147 2788 2210 dictum
2823 2164 2921 2209 ser
2972 2144 3087 2210 Ju-

371 2231 639 2296 stiniano
686 2252 809 2297 una
855 2234 1044 2298 barea
1091 2238 1332 2298 armata
1359 2254 1499 2299 cum
1548 2235 1657 2299 illa
1697 2235 2047 2313 velocitate,
2095 2255 2214 2318 que
2261 2236 2489 2318 poterit
2531 2234 2680 2310 fieri,
2731 2238 2792 2297 et
2839 2232 2916 2297 ad
2942 2252 3092 2297 cau-

370 2318 586 2383 tellam
635 2321 942 2386 scribatur
985 2324 1501 2404 supracomitibus
1548 2322 1687 2387 culfi
1739 2323 1815 2387 de
1860 2323 2026 2388 dicto
2079 2323 2259 2401 facto,
2309 2326 2380 2388 ut
2412 2324 2738 2388 observent
2785 2323 2846 2385 et
2890 2321 3092 2386 adim-

371 2407 579 2489 pleant
625 2411 948 2490 premissa,
998 2412 1050 2475 si
1099 2412 1220 2475 iam
1271 2411 1667 2475 recessissent
1705 2429 1741 2474 a
1788 2411 1955 2477 dicto
2012 2431 2108 2476 ser
2168 2411 2538 2478 Justiniano.
2586 2411 2671 2476 Et
2702 2430 2809 2494 pei·
2859 2413 3088 2474 terram

370 2515 482 2577 per
527 2515 719 2560 unum
766 2517 1071 2562 cursorem
1123 2499 1222 2563 vel
1269 2499 1490 2580 plureS,
1540 2499 1702 2563 sicut
1747 2499 2075 2580 videbitur,
2124 2501 2427 2565 scribatur
2461 2504 2668 2563 nostro
2716 2492 3088 2563 viceconsuli

374 2585 600 2667 Apulie
649 2587 712 2650 et
757 2584 1073 2669 Neapolis,
1138 2588 1295 2670 quod
1356 2589 1726 2653 mercatores
1788 2591 2027 2654 nostros
2092 2587 2382 2654 informet
2440 2587 2513 2652 de
2576 2587 2714 2652 istis
2760 2585 2976 2665 factis,
3026 2589 3091 2652 et

371 2673 529 2754 quod
576 2692 785 2738 omnes
833 2674 973 2739 inde
1019 2677 1358 2752 reccedant,
1409 2678 1460 2741 si
1497 2676 1732 2755 volunt,
1780 2696 1918 2741 cum
1962 2696 2172 2741 eorum
2221 2676 2415 2755 boniS,
2464 2678 2517 2741 si
2565 2675 2837 2741 nundum
2885 2694 3088 2740 recce-

369 2760 615 2840 sissent,
666 2781 851 2844 quam
900 2764 1085 2828 cicius
1133 2783 1266 2828 esse
1330 2768 1550 2846 potest.
1614 2765 1698 2828 Et
1762 2766 2087 2830 mandetur
2153 2764 2341 2830 etiam
2400 2765 2624 2828 nostris
2673 2763 3087 2846 potestatibus

367 2847 651 2928 Tarvisii,
698 2849 1032 2934 Coneglani
1079 2855 1142 2916 et
1188 2852 1327 2917 aliis
1373 2852 1711 2917 rectoribus
1758 2852 2095 2930 Trivisane,
2149 2853 2356 2917 Ystrie
2403 2855 2467 2917 et
2514 2851 2869 2929 Sclavonie,
2925 2852 3082 2933 quod
3161 2877 3182 2900 τ

372 2941 586 3018 gentes
633 2939 798 3022 regis
845 2939 1137 3022 Ungarie,
1186 2959 1338 3022 quas
1384 2941 1609 3005 habere
1655 2943 1907 3023 possent
1951 2942 2014 3006 in
2061 2959 2170 3006 suo
2226 2939 2452 3017 forcio,
2517 2959 2736 3022 equoS,
2801 2958 2975 3004 arma
3021 2943 3088 3004 et

370 3025 525 3090 bona
570 3026 1013 3105 intromittant,
1064 3032 1126 3092 et
1177 3030 1251 3091 ad
1288 3030 1557 3093 nostram
1624 3029 2004 3111 presenciam
2066 3029 2358 3106 mittant,
2417 3028 2805 3093 informando
2861 3043 2965 3092 eos
3007 3028 3084 3093 de

370 3116 649 3197 treugna,
700 3134 816 3196 que
862 3116 1037 3181 finita
1092 3119 1187 3180 est
1232 3117 1392 3180 inter
1456 3134 1566 3181 nos
1613 3119 1677 3181 et
1721 3117 2038 3182 dominum
2100 3134 2343 3201 regem,
2393 3120 2455 3181 et
2500 3120 2752 3200 rogetur
2797 3116 3082 3181 dominus

368 3200 595 3279 Padue,
644 3205 801 3285 quod
848 3222 967 3267 non
1013 3203 1338 3286 permittat
1381 3207 1595 3288 gentes
1643 3204 1914 3287 Ungan'e
1975 3205 2283 3288 predictas
2344 3205 2541 3269 eundo
2593 3206 2690 3269 vel
2739 3203 3082 3270 reddeundo

368 3291 627 3355 transire
666 3311 773 3373 per
817 3310 958 3356 suas
1004 3295 1199 3357 terras
1246 3292 1344 3357 vel
1384 3312 1620 3376 passuS,
1670 3295 1734 3358 et
1777 3293 2156 3359 intromittat
2199 3311 2519 3376 personas,
2569 3311 2755 3376 equos
2801 3294 2866 3358 et
2909 3311 3083 3358 arma

371 3377 638 3455 illorum,
688 3381 793 3461 qui
838 3380 977 3444 inde
1026 3382 1379 3444 transirent.
1450 3382 1531 3445 Et
1591 3381 1895 3446 scribatur
1955 3382 2144 3446 etiam
2210 3382 2322 3446 hec
2368 3382 2593 3446 nostris
2636 3381 3081 3447 mercatoribus

364 3466 522 3548 apud
574 3465 861 3550 Segnam,
909 3468 1291 3533 informando
1337 3488 1438 3534 eos
1483 3470 1546 3533 in
1590 3468 1768 3534 factis
1815 3469 1960 3546 sniS,
2009 3472 2074 3534 et
2118 3471 2275 3554 quod
2322 3470 2383 3534 in
2434 3470 2521 3534 eis
2552 3469 2908 3552 provideant
2946 3488 3080 3535 rec-

365 3553 631 3619 cedendo
676 3555 839 3634 inde,
889 3556 940 3620 si
987 3556 1311 3632 voluerint,
1362 3558 1519 3621 siout
1551 3577 1658 3640 pro
1694 3558 1850 3621 bono
1897 3558 2170 3640 ipsorum
2216 3557 2304 3622 eis
2355 3557 2694 3632 videbitur3
2757 3560 2821 3622 et
2872 3557 3076 3622 notifi-

363 3643 534 3707 catur
580 3643 693 3708 hec
739 3643 921 3708 terris
970 3644 1245 3708 Marchie
1292 3648 1356 3709 et
1400 3646 1822 3722 Romandiole,
1867 3653 1937 3710 ut
1983 3665 2121 3711 cum
2155 3665 2364 3711 eorum
2409 3646 2595 3729 lignis
2642 3664 2762 3710 non
2808 3648 3074 3728 portent,

362 3732 659 3795 reducant
703 3730 799 3796 vel
847 3733 1189 3798 conducant
1233 3737 1447 3815 gentes
1492 3734 1818 3816 predictaS,
1869 3753 1942 3798 ne
1988 3734 2227 3817 possint
2270 3734 2537 3816 recipere
2561 3734 2860 3799 lesionem
2901 3754 2937 3798 a
2971 3753 3076 3799 no-

368 3819 513 3883 stris
560 3819 846 3884 armatiS.
897 3822 986 3884 De
1032 3840 1150 3885 non
1198 3823 1257 3897 2,
1305 3839 1424 3885 non
1474 3820 1690 3887 sinceri
1746 3825 1797 3899 l,
1848 3822 1959 3886 alii
2005 3822 2079 3886 de
2126 3824 2318 3902 parte.

572 3907 803 3989 Capta:
853 3908 998 3990 quia
1044 3909 1195 3973 facit
1241 3928 1347 3990 pro
1393 3909 1567 3974 nobis
1615 3910 1841 3975 babere
1900 3911 1960 3974 in
2025 3910 2212 3975 forcio
2272 3913 2484 3975 nostro
2539 3913 2745 3974 castra
2791 3907 2967 3974 Clisii
3014 3910 3080 3976 et

364 3995 686 4072 Scardone,
736 3996 1041 4061 scribatur
1086 3997 1315 4061 nostris
1361 3997 1695 4063 comitibus
1744 3998 1981 4081 Spalati
2029 4002 2093 4064 et
2139 3997 2335 4076 Clisii,
2385 3997 2548 4081 quod
2595 3999 2658 4062 in
2704 4015 2889 4074 casu,
2960 4016 3077 4081 quo

360 4103 478 4146 non
526 4086 775 4165 possent
819 4103 960 4149 cum
1005 4088 1232 4149 comite
1278 4084 1469 4150 Paulo
1514 4088 1788 4150 nostram
1837 4087 2245 4152 intencionem
2294 4087 2600 4168 complere
2661 4085 2724 4150 in
2769 4085 2930 4151 facto
2976 4086 3075 4150 di-

361 4172 597 4236 ctorum
646 4176 1008 4250 castrorum,
1058 4177 1122 4239 et
1166 4174 1284 4255 ipsi
1332 4176 1581 4255 possent
1626 4193 1735 4256 per
1781 4175 1967 4239 aliam
2019 4175 2182 4239 viam
2228 4174 2452 4239 habere
2487 4175 2655 4239 dicta
2697 4176 2920 4251 castra,
2968 4194 3074 4239 vo-

359 4259 597 4335 lumuS,
644 4265 978 4343 procurant
1030 4263 1255 4326 habere
1318 4281 1462 4326 cum
1508 4261 1990 4344 quibuscumque
2038 4265 2358 4346 poterunt,
2405 4262 2752 4327 defficiente
2798 4264 3073 4328 tractatu

363 4347 508 4411 dicti
556 4350 801 4413 comitis
847 4349 1045 4426 Pauli,
1093 4353 1156 4415 et
1202 4368 1319 4413 non
1368 4352 1653 4432 possente
1715 4351 2045 4415 secundum
2094 4353 2365 4415 nostram
2432 4350 2845 4416 intencionem
2893 4350 3074 4416 effec-

364 4441 493 4500 tum
540 4439 825 4520 recipere,
875 4440 947 4500 ut
992 4437 1225 4503 dictum
1273 4441 1403 4511 est;
1450 4441 1518 4502 et
1565 4437 1867 4510 volumuS,
1917 4440 2078 4521 quod
2122 4439 2185 4502 in
2232 4437 2398 4503 dicto
2438 4457 2584 4502 casu
2630 4439 2867 4520 possint
2927 4457 3069 4523 pro-

367 4525 613 4589 mittere
662 4529 726 4587 et
771 4525 913 4589 dare
960 4525 1106 4603 illis,
1155 4525 1258 4609 qui
1305 4526 1525 4590 darent
1570 4527 1658 4590 eis
1708 4529 1915 4589 nostro
1963 4528 2208 4590 nomine
2256 4526 2421 4590 dicta
2453 4528 2677 4603 castra,
2728 4526 3072 4610 complecto

364 4611 628 4694 negocio,
674 4613 929 4677 ducatos
972 4615 1106 4678 auri
1138 4615 1260 4678 tria
1290 4614 1488 4677 millia
1533 4614 1668 4696 (pro
1714 4614 2019 4694 habendo)
2068 4633 2177 4696 pro
2227 4613 2550 4690 Scardona,
2598 4619 2661 4678 et
2704 4615 2961 4680 ducatos
2981 4614 3073 4678 IV

369 4699 565 4763 millia
608 4718 718 4782 pro
765 4698 972 4777 Clisio,
1000 4701 1402 4766 informando
1450 4702 1646 4766 dictos
1690 4702 1980 4777 comiteS,
2029 4703 2185 4784 quod
2247 4702 2296 4766 si
2347 4720 2502 4765 nnus
2560 4720 2767 4766 eorum
2816 4703 3070 4768 haberet

364 4786 627 4868 aliquem
675 4790 1016 4853 tractatum
1063 4792 1125 4854 in
1174 4791 1307 4867 hoc,
1358 4792 1571 4853 statim
1622 4790 1736 4854 hoc
1762 4789 2040 4854 notificet
2083 4789 2282 4868 alteri,
2333 4808 2407 4852 ne
2454 4790 2774 4854 tractando
2799 4787 3065 4863 divisim,
