3620 5282
3068 366 3186 431 141

453 541 640 624 pibus
690 544 753 606 et
800 542 1155 619 baronibuS,
1205 541 1427 623 quibus
1469 542 1751 623 expedire
1819 541 2115 605 videbunt
2162 559 2273 623 pro
2325 540 2544 605 maiori
2589 539 2795 606 favore
2840 542 2904 605 et
2950 540 3194 623 expedi-

456 630 631 694 cione
675 629 1053 711 agendorum
1104 633 1457 694 nostrornm
1502 630 1732 693 eisdem
1773 629 2264 693 commissorum.
2314 627 2542 693 Omnes
2591 631 2665 693 de
2710 632 2908 712 parte.

674 717 897 782 Forma
945 717 1267 781 electionis
1316 717 1826 781 ambaxatorum:

674 803 850 883 Quod
900 807 962 869 in
1004 804 1260 869 nomine
1304 805 1538 869 domini
1584 804 1737 870 Jesu
1786 803 2017 869 Christi
2066 804 2441 886 etpgloriose
2489 804 2747 886 virginis
2801 805 3018 868 matris
3066 804 3198 868 eins

455 910 526 956 ac
576 893 848 974 preciosi-
884 894 1272 975 evangeliste
1322 893 1417 957 sui
1464 895 1662 956 sancti
1709 892 1909 956 Marci
1956 892 2108 955 fiant
2174 895 2299 956 tres
2360 892 2791 956 ambaxatores
2853 892 3198 975 solempnes

461 979 539 1044 ad
585 980 905 1044 dominum
956 1000 1167 1061 regem
1215 980 1558 1063 Hungarie,
1608 982 1713 1062 qui
1759 981 2073 1062 eligantur
2121 999 2228 1062 per
2275 982 2537 1062 quatuor
2565 999 2781 1044 manus
2823 979 3198 1044 electionum

465 1067 530 1131 in
576 1068 795 1132 maiori
845 1068 1119 1146 consili0,
1171 1088 1289 1151 que
1338 1069 1557 1131 electio
1599 1087 1706 1149 per
1751 1071 2013 1149 quatuor
2062 1087 2282 1131 manus
2346 1069 2456 1132 fiat
2499 1086 2635 1131 curn
2688 1063 2899 1131 ordine
2947 1071 3010 1131 et
3055 1086 3201 1132 auc-

460 1155 712 1219 toritate
762 1157 1255 1220 consiliariorum
1305 1158 1378 1219 ad
1427 1155 1543 1220 hoc
1591 1158 1909 1237 oportuna,
1960 1157 2348 1237 approbando
2396 1174 2498 1219 eos
2545 1155 2621 1218 ad
2647 1175 2836 1219 unum
2884 1155 2963 1219 ad
2999 1175 3190 1218 unum

463 1244 528 1307 in
569 1244 738 1308 dicto
782 1244 1005 1307 maiori
1052 1244 1328 1319 consilio,
1379 1246 1442 1307 et
1489 1243 1591 1326 qui
1626 1244 1955 1308 habuerint
2002 1243 2208 1324 plures
2245 1243 2527 1320 ballotaS,
2577 1243 2862 1307 habendo
2890 1244 3191 1308 maiorem

456 1334 698 1413 partem
744 1331 1006 1407 consilii,
1051 1333 1178 1395 sint
1225 1332 1427 1405 firmi,
1492 1333 1555 1395 et
1614 1333 1856 1413 possint
1922 1332 2117 1413 accipi
2166 1331 2240 1394 de
2305 1334 2475 1395 omni
2521 1330 2658 1395 loco
2707 1333 2771 1394 et
2816 1330 3017 1395 officio
3066 1332 3192 1394 exi-

463 1421 666 1482 stente
715 1420 777 1482 in
825 1419 1078 1484 civitate
1125 1420 1396 1483 Rivoalti
1446 1420 1717 1501 exceptis
1767 1419 2301 1501 procuratoribus,
2351 1420 2453 1500 qui
2519 1419 2787 1483 habeant
2831 1419 2906 1481 de
2969 1420 3193 1483 salario

462 1505 657 1569 libras
709 1507 1020 1570 trecentas
1067 1527 1174 1590 pro
1223 1507 1502 1606 quolibet
1546 1507 1609 1569 in
1656 1508 1875 1588 primis
1925 1506 2125 1570 tribus
2175 1508 2489 1570 mensibus
2556 1512 2618 1570 et
2677 1507 2819 1570 inde
2885 1506 2948 1569 in
3010 1510 3194 1571 antea

461 1596 711 1658 centum
761 1595 1215 1677 quinquaginta
1259 1595 1321 1657 in
1368 1614 1577 1658 mense
1646 1614 1755 1676 pro
1800 1594 2093 1676 quolibet,
2142 1596 2204 1658 et
2250 1597 2574 1657 teneantur
2622 1593 2988 1676 respondere
3035 1594 3195 1657 infra

459 1686 587 1745 tres
634 1681 766 1746 dies
819 1688 1150 1765 postquam
1200 1687 1379 1746 erunt
1417 1682 1631 1758 electi,
1682 1684 1747 1745 et
1809 1681 1899 1745 ire
1961 1683 2036 1744 ad
2106 1681 2557 1763 beneplacitum
2624 1681 2916 1759 dominii,
2962 1685 3023 1744 et
3074 1702 3227 1746 non.

460 1769 707 1852 possint
751 1769 1022 1834 refutare
1066 1770 1179 1834 sub
1227 1789 1382 1852 pena
1428 1769 1730 1834 librarum
1773 1768 1822 1833 C
1864 1788 1971 1851 pro
2019 1770 2316 1850 quolibet,
2366 1772 2428 1833 et
2473 1769 2617 1832 huic
2664 1788 2816 1851 pene
2880 1769 3200 1833 subiaceat

461 1856 744 1939 quilibet,
799 1858 908 1939 qui
954 1858 1249 1922 exivisset
1294 1858 1368 1921 de
1415 1860 1583 1921 terra
1629 1861 1706 1921 ab
1741 1861 1878 1921 octo
1911 1857 2126 1920 diebus
2161 1857 2336 1933 citra,
2393 1859 2456 1920 et
2499 1857 2605 1920 alii
2642 1858 2853 1930 etiam,
2901 1858 3003 1938 qui
3054 1861 3196 1922 ante

461 1947 669 2008 essent
714 1948 888 2009 extra
934 1949 1184 2021 terram,
1234 1946 1298 2010 et
1347 1945 1466 2009 sibi
1515 1944 1898 2008 notificatum
1963 1944 2154 2008 fuerit
2199 1964 2306 2026 per
2354 1945 2646 2007 nuncium
2714 1945 2970 2008 dominii
3035 1946 3198 2010 infra

462 2032 700 2095 dictum
749 2034 1122 2107 terminum;
1173 2037 1236 2096 et
1273 2034 1549 2097 habeant
1614 2052 1804 2095 unum
1872 2032 2180 2095 notarium
2243 2052 2381 2095 cum
2445 2031 2711 2110 famulo,
2763 2052 2953 2095 unum
3004 2033 3195 2096 inter-

460 2123 720 2202 pretem,
770 2141 959 2184 uuum
1024 2124 1527 2202 expensatorem,
1577 2140 1766 2183 unum
1818 2120 2325 2196 marescalchum,
2387 2139 2572 2183 unum
2638 2120 2893 2184 cochum
2943 2123 3004 2183 et
3052 2122 3199 2184 sub-

463 2212 851 2289 tuscoquum,
900 2211 964 2272 et
1008 2211 1266 2290 quatuor
1315 2208 1649 2272 domicelos
1712 2225 1822 2290 pro
1891 2208 2201 2290 quolibet,
2266 2211 2330 2271 et
2386 2208 2622 2289 possint
2685 2207 3021 2290 expendere
3084 2228 3191 2291 per

463 2297 732 2373 modum,
781 2315 898 2377 quo
946 2297 1292 2378 expendunt
1363 2295 1556 2359 nostri
1626 2297 2055 2359 ambaxatores
2124 2295 2506 2378 solempneS,
2573 2297 2672 2378 qui
2727 2295 3061 2360 mittuntur
3107 2295 3184 2360 ad

461 2383 839 2449 creacionem
887 2385 1115 2447 domini
1165 2403 1341 2467 pape.
1389 2383 1525 2446 Non
1576 2384 1797 2447 sinceri
1857 2387 1907 2458 1,
1957 2384 2028 2445 de
2079 2400 2196 2446 non
2248 2383 2309 2458 Ο,
2360 2384 2433 2445 de
2482 2387 2657 2464 parte
2703 2384 2802 2447 26.

676 2470 907 2554 Capta:
957 2490 1055 2535 ser
1102 2471 1424 2553 Philippus
1472 2471 1666 2534 Aurio
1714 2470 1852 2534 vult
1903 2472 2141 2553 partem
2193 2473 2681 2553 suprascriptam
2730 2474 2791 2534 in
2839 2473 3061 2549 totum,
3096 2492 3197 2536 ex·

464 2562 641 2641 cepto
690 2560 848 2641 quod
897 2560 1049 2636 vult,
1102 2559 1259 2641 quod
1309 2558 1425 2636 illi,
1475 2560 1578 2640 qui
1626 2558 1932 2640 eligentur
1976 2559 2425 2637 ambaxatores,
2477 2577 2594 2622 non
2642 2560 2881 2641 possint
2926 2559 3196 2625 refutare

469 2647 585 2712 sub
635 2668 789 2729 pena
837 2646 1135 2711 librarum
1182 2651 1619 2712 trecentarum.
1667 2648 1760 2711 De
1807 2649 1981 2730 parte
2027 2648 2133 2710 52.

547 2739 727 2798 Misti
777 2738 978 2797 XXV.
1024 2744 1128 2797 scr.
1176 2740 1281 2808 32,
1327 2756 1370 2796 u
1419 2738 1760 2796 mletackom
1807 2739 2040 2795 arkivu.

906 2925 1190 3010 CCIX.
1246 2928 1453 3011 θοὰ.
1508 2928 1737 3009 1349.
1794 2929 1839 3009 7
1894 2922 2222 3029 srpnja,
2274 2951 2336 3009 u
2380 2859 2758 3029 ‘Spljetm

461 3054 766 3127 Spbec‘ani
800 3054 947 3127 pista
989 3056 1311 3127 republid,
1360 3056 1440 3112 da
1486 3056 1761 3127 akoprem
1806 3074 1881 3113 su
1926 3073 1987 3114 se
2022 3073 2175 3128 prvo
2220 3057 2493 3128 protiven·
2537 3055 2793 3115 sdruiiti
2845 3074 2906 3115 se
2964 3073 2994 3114 s
3039 3061 3195 3115 osta-

464 3142 591 3200 limi
630 3143 883 3217 yradovi
915 3144 1330 3215 primorskimi
1377 3162 1417 3201 u
1467 3143 1793 3216 Dalmacijz‘
1824 3161 1901 3201 za
1942 3144 2083 3202 obdu
2130 3145 2376 3212 obranu,
2422 3144 2575 3202 sada
2608 3145 2795 3216 imnju
2840 3146 3080 3215 uzroka,
3117 3146 3198 3204 da

1570 3249 1653 3289 na
1700 3235 1755 3289 to
1792 3233 2098 3304 pri-staua.

675 3349 1039 3432 Exemplum
1089 3351 1473 3433 quarundam
1523 3352 1877 3417 litterarum
1922 3353 2188 3429 comitur,
2239 3352 2508 3416 iudicum
2559 3355 2621 3416 et
2666 3353 3010 3416 communis
3045 3352 3198 3434 Spa-

464 3437 597 3503 leti.
643 3438 1183 3502 Excellentissime
1230 3439 1476 3503 domiue
1523 3442 1748 3504 noster.
1798 3440 1896 3503 Ad
1947 3440 2377 3503 excellentiam
2422 3443 2686 3504 vestram
2730 3441 2886 3504 alias
2922 3442 3195 3505 Lauren-

469 3526 633 3590 cium
681 3525 896 3590 Nicole
943 3529 1008 3589 et
1050 3526 1447 3590 Franciscum
1484 3527 1770 3591 Damiani
1823 3528 2101 3592 concives
2158 3530 2392 3593 nostros
2424 3527 2818 3609 Spalatenses
2852 3528 2915 3591 in
2953 3532 3195 3594 nostros

469 3615 535 3678 et
583 3615 778 3677 nostri
827 3614 1455 3695 communisSpaleti
1521 3616 1803 3699 syndicos
1856 3617 1920 3679 et
1966 3616 2399 3679 ambaxatores
2448 3618 2731 3679 duximus
2796 3616 3194 3681 destinandos

467 3720 657 3783 super
704 3700 882 3777 facto,
933 3701 1093 3783 quod
1140 3701 1271 3765 fieri
1319 3704 1614 3784 petebant
1659 3703 2100 3785 Tragurieuses
2150 3706 2213 3767 et
2242 3703 2672 3777 Sibinicenses,
2716 3707 2779 3767 et
2813 3723 3021 3767 revera
3057 3723 3197 3786 pre-

472 3788 619 3852 fatis
668 3790 889 3852 nostris
938 3789 1188 3853 sindicis
1226 3791 1668 3867 commisimuS,
1717 3793 1786 3854 ut
1834 3791 2075 3859 dictum.
2112 3792 2556 3872 paesinaticum
2610 3810 2729 3854 nou
2777 3790 2969 3869 fieret,
3028 3794 3192 3855 tota-

468 3877 615 3940 liter
661 3877 1114 3959 impugnarent,
1165 3897 1303 3941 cum
1354 3879 1528 3942 nobis
1578 3897 1691 3941 uon
1743 3879 2068 3942 videbatur
2126 3878 2256 3941 fieri
2304 3878 2557 3955 debere,
2622 3878 2836 3943 habito
2912 3885 3196 3962 respectu

469 3966 543 4028 ad
591 3964 1039 4040 condictionem
1090 3971 1363 4028 nostram
1409 3970 1472 4028 et
1519 3966 1713 4029 nostri
1761 3966 2142 4039 communis;
2208 3966 2312 4029 sed
2376 3986 2446 4030 ex
2494 3984 2612 4048 quo
2676 3968 2876 4030 vestre
2917 3966 3197 4031 domina-

467 4051 622 4117 tioni
669 4050 868 4115 visum
916 4055 1011 4116 est
1050 4072 1159 4134 pro
1208 4054 1470 4130 meliori,
1520 4055 1678 4134 quod
1723 4054 1955 4118 dictum
2008 4054 2450 4135 paesiuaticum
2502 4056 2629 4131 fiat,
2680 4058 2743 4117 et
2783 4055 3095 4136 provisum
3133 4058 3197 4119 et

469 4139 790 4204 decretum
836 4140 921 4203 sit
966 4159 1072 4221 per
1116 4145 1390 4205 vestram
1454 4142 1924 4217 excellenciam,
1973 4143 2133 4222 quod
2192 4143 2252 4204 in
2318 4142 2473 4204 bona
2536 4142 2737 4223 gratia
2808 4142 3193 4225 sepedictum

466 4227 918 4310 paesinaticum
967 4230 1079 4292 fiat
1123 4228 1183 4291 in
1233 4228 1516 4310 partibus
1567 4228 1904 4307 Dalmatio,
1954 4234 2138 4309 prout
2194 4230 2256 4293 in
2306 4229 2526 4293 vestris
2573 4230 2892 4295 ducalibus
2939 4231 3187 4309 litteris,

471 4333 624 4397 quas
672 4314 962 4379 alacriter
1011 4316 1413 4397 suscepimuS,
1463 4316 1706 4398 plenius
1756 4321 1853 4381 est
1877 4335 2267 4398 expressum3
2316 4335 2426 4380 nos
2476 4335 2615 4380 cum
2663 4320 2874 4382 nostra
2921 4337 3196 4382 commu-

469 4404 669 4466 nitate
720 4402 958 4485 Spaleti
1004 4405 1367 4467 mandatum
1413 4408 1688 4470 vestrum
1738 4404 1800 4468 in
1850 4404 2144 4486 predictis
2194 4405 2464 4469 brachiis
2514 4405 2744 4486 apertis
2776 4408 3052 4471 unanimi
3084 4426 3191 4470 vo-

469 4490 714 4554 luntate
761 4489 938 4572 plene
985 4491 1367 4574 suscepimus
1415 4493 1621 4556 animo
1668 4492 2088 4566 iocunditatiS,
2139 4496 2202 4555 et
2247 4494 2543 4575 tanquam
2597 4494 2785 4557 vestri
2816 4495 3028 4559 fideles
3062 4494 3188 4559 veri

474 4578 791 4659 surgimus
866 4579 1138 4660 prompti
1188 4582 1251 4643 et
1298 4581 1498 4659 parati
1546 4581 1606 4645 in
1654 4580 1950 4663 predictis
2014 4582 2075 4642 et
2138 4581 2423 4644 omuibus
2482 4580 2623 4643 aliis
2683 4581 3189 4663 quibuscumque,

473 4684 588 4746 que
635 4668 841 4730 vestra
901 4666 1270 4730 excellencia
1333 4668 1573 4732 duxerit
1635 4667 2166 4747 demandandum,
2232 4667 2622 4752 integraliter
2682 4669 3061 4753 adimplere,
3127 4687 3197 4733 ac

469 4752 661 4819 etiam
709 4752 860 4821 totis
906 4754 1142 4822 viribus
1184 4754 1448 4820 obedire.
