3620 5282
520 378 652 444 402

521 553 696 617 tuum
746 547 1148 631 permanebit,
1198 547 1387 614 salvis
1433 547 1615 612 iustis
1662 549 1950 625 tenentiS,
1998 566 2149 630 quas
2215 547 2488 612 moderni
2535 546 2740 612 Latini
2805 545 2904 611 vel
2968 548 3247 612 anteces-

519 658 686 705 sores
732 637 829 703 sui
874 639 1203 701 tenuerunt
1247 655 1283 700 a
1321 637 1602 718 tempore
1633 635 1993 700 Latinorum
2043 638 2107 698 et
2150 635 2322 716 prius
2369 636 2689 699 decessum
2738 633 2922 717 regiS.
2972 635 3247 698 Futurus

521 726 863 808 imperator
909 723 1167 787 habebit
1203 724 1267 787 et
1312 722 1551 787 tenebit
1597 724 1935 789 dominium
1987 721 2232 804 imperii
2284 723 2458 801 plene
2505 724 2568 786 et
2613 722 2853 805 integre
2897 722 3087 785 salvis
3137 720 3248 785 do-

521 813 893 888 nationibuS,
942 828 1095 892 quas
1141 829 1247 874 rex
1291 807 1512 875 fecerit
1557 812 1684 874 tam
1734 811 1795 874 in
1841 809 2037 873 feudis
2085 828 2268 891 quam
2302 810 2364 873 in
2401 808 2563 885 aliis,
2601 808 2892 873 videlicet
2937 811 3001 872 in
3035 810 3247 891 acqui-

525 901 665 966 sitis
712 902 776 965 et
822 899 885 962 in
932 897 1343 979 acquirendiS,
1392 898 1456 961 et
1502 897 1671 962 salva
1719 897 2061 961 hereditate
2106 897 2419 979 assignata
2480 897 2578 960 vel
2640 896 3011 979 assignanda
3073 895 3250 960 here-

526 988 705 1053 dibus
752 985 934 1068 regiS.
985 983 1142 1049 Sane
1193 986 1473 1049 dominus
1519 1003 1624 1048 rex
1670 984 1912 1049 tenebit
1956 983 2367 1060 Balduinum,
2415 986 2480 1048 et
2528 984 2874 1066 providebit
2933 985 2988 1047 ei
3055 983 3244 1048 hono-

416 1102 417 1107 *
526 1074 698 1140 rifice
746 1075 822 1138 ad
862 1071 1154 1135 honorem
1204 1090 1382 1136 suum
1430 1073 1495 1136 et
1541 1072 1618 1137 ad
1665 1072 1962 1136 honorem
2009 1071 2319 1147 Balduini,
2370 1070 2564 1134 donec
2612 1070 2952 1135 Balduinus
2989 1070 3067 1134 ad
3115 1072 3248 1135 eta-

523 1164 657 1227 tem
703 1161 822 1225 XX
867 1176 1165 1222 annorum
1214 1159 1560 1234 devenerit3
1609 1161 1671 1222 et
1715 1178 1854 1224 cum
1891 1158 2233 1223 Balduinus
2285 1158 2522 1222 venerit
2567 1158 2644 1221 ad
2693 1161 2924 1221 etatem
2972 1156 3095 1222 XX
3139 1176 3248 1221 an-

524 1267 763 1325 norum,
813 1247 980 1311 idem
1026 1245 1365 1310 Balduinus
1413 1246 1780 1310 investietur
1825 1247 1898 1309 de
1960 1263 2148 1328 reguo
2206 1244 2439 1308 Niceno
2501 1263 2640 1309 cum
2709 1246 2995 1309 omnibus
3053 1244 3249 1327 perti-

524 1337 750 1401 nentiis
799 1336 925 1398 suis
974 1335 1038 1397 et
1084 1333 1155 1396 de
1200 1333 1366 1397 omni
1413 1336 1612 1410 terra,
1677 1351 1861 1415 quam
1929 1333 2094 1396 ultra
2160 1332 2481 1396 brachium
2542 1334 2878 1397 tenuerunt
2939 1350 3241 1415 umquam

526 1423 768 1497 Latini,
817 1420 1102 1486 adiuncto
1152 1422 1350 1485 adhuc
1396 1421 1621 1485 ducatu
1670 1421 1804 1484 novi
1856 1420 2068 1497 castri,
2118 1421 2293 1485 salva
2355 1421 2572 1484 tenuta
2631 1420 2951 1484 homiuum
2993 1420 3245 1483 Latino-

527 1529 688 1587 rum,
737 1527 924 1592 quam
973 1507 1322 1573 habuerunt
1367 1507 1442 1571 de
1489 1508 1617 1571 iure
1680 1525 1717 1571 a
1764 1510 2036 1590 tempore
2098 1508 2487 1589 imperatoris
2535 1507 2786 1571 Henrici
2849 1509 2913 1571 et
2959 1507 3089 1570 eius
3134 1505 3243 1570 he-

526 1599 744 1662 redum
791 1615 980 1677 usque
1026 1595 1103 1658 ad
1150 1594 1547 1660 amissionem
1593 1596 1773 1671 terre,
1841 1596 2090 1677 excepto
2151 1594 2377 1659 ducatu
2425 1593 2930 1677 Nycodimiensi,
2996 1595 3099 1676 qui
3149 1612 3251 1658 re-

527 1684 803 1750 manebit
847 1684 912 1748 in
958 1701 1146 1746 manu
1196 1682 1608 1764 imperatoris,
1681 1683 1764 1745 Et
1826 1683 2142 1746 sciendum
2204 1683 2335 1759 est,
2385 1678 2544 1764 quod
2592 1682 2652 1745 in
2723 1682 3038 1746 voluntate
3088 1682 3251 1763 regis

529 1773 652 1837 erit
697 1789 933 1852 capere,
982 1770 1138 1851 quod
1183 1770 1492 1847 maluerit,
1541 1787 1650 1852 pro
1696 1769 2027 1834 heredibus
2070 1770 2198 1833 sive
2244 1769 2341 1834 vel
2387 1771 2584 1833 totam
2631 1773 2882 1846 terram,
2932 1788 3047 1851 que
3079 1769 3246 1833 ultra

531 1858 849 1925 brachium
898 1856 1060 1922 sicut
1105 1859 1318 1921 tenent
1365 1857 1462 1921 vel
1512 1876 1805 1938 umquam
1870 1860 2199 1921 tenuerunt
2258 1856 2437 1922 Greci
2489 1859 2552 1920 et
2597 1856 2840 1931 Latini,
2906 1855 3002 1920 vel
3044 1858 3244 1947 totam

528 1950 780 2023 terram,
829 1963 1016 2027 quam
1062 1946 1274 2008 tenent
1322 1942 1609 2009 Comiano
1652 1962 1843 2025 usque
1887 1946 1962 2009 ad
2007 1945 2411 2027 pertinentias
2457 1943 2532 2007 de
2578 1944 2796 2008 Dimos
2843 1945 2906 2008 et
2948 1943 3025 2008 de
3065 1943 3251 2007 Adri-

527 2032 788 2117 anopoli,
838 2036 903 2096 et
944 2033 1142 2095 totum
1193 2031 1483 2095 ducatum
1533 2033 1605 2095 de
1648 2031 1971 2114 Filipople‚
2021 2033 2274 2113 quisque
2307 2050 2448 2095 eum
2488 2034 2715 2109 teneat,
2764 2033 2829 2096 et
2875 2033 3072 2095 totam
3119 2032 3243 2095 ter-

373 2102 427 2156 ”3
529 2140 663 2185 ram
711 2120 786 2184 de
835 2118 1071 2196 Sclave,
1120 2120 1184 2182 et
1231 2117 1423 2195 illam,
1472 2138 1588 2200 que
1637 2120 1755 2183 fuit
1800 2119 1876 2183 de
1924 2117 2191 2196 Strace8‚
2256 2119 2505 2201 excepto
2551 2118 2695 2196 illo,
2762 2118 2919 2201 quod
2967 2116 3245 2182 Assanus

528 2208 671 2272 inde
718 2210 908 2284 tenet,
958 2207 1022 2270 et
1067 2207 1320 2287 excepto
1363 2224 1554 2288 regno
1606 2207 2120 2280 Thesalonicen03
2180 2207 2292 2271 tali
2356 2207 2534 2270 modo
2601 2205 2762 2288 quod
2824 2206 3000 2270 heres
3063 2205 3249 2270 faciet

530 2294 893 2378 homagium
935 2292 1158 2376 ligium
1206 2292 1452 2357 domiuo
1499 2292 1857 2374 imperatori
1905 2296 2043 2375 post
2090 2293 2409 2358 decessum
2456 2297 2653 2375 regiS,
2719 2295 2783 2357 et
2827 2292 3011 2357 faciet
3057 2293 3250 2357 servi-

539 2383 702 2447 cium
753 2380 1032 2444 debitum
1081 2397 1189 2462 pro
1230 2382 1396 2444 terra
1435 2399 1545 2444 sua
1590 2381 1721 2445 sine
1767 2381 2038 2463 periculo
2088 2382 2250 2445 terre
2297 2399 2426 2457 sue,
2477 2382 2591 2444 hoc
2618 2382 2889 2461 excepte,
2926 2379 3087 2463 quod
3128 2398 3245 2444 non

537 2468 851 2535 tenebitur
895 2468 987 2531 ire
1034 2468 1098 2530 in
1144 2467 1433 2545 exercitu,
1481 2468 1543 2530 in
1590 2486 1709 2549 quo
1756 2486 2012 2550 persona
2067 2467 2456 2550 imperatoris
2505 2469 2754 2551 propria
2800 2486 2922 2531 non
2967 2468 3120 2545 erit,
3185 2468 3247 2530 et

538 2556 594 2621 si
640 2554 795 2620 forte
842 2554 1065 2637 aliquis
1107 2553 1361 2619 habebit
1405 2553 1658 2618 feudum
1695 2556 1756 2619 in
1805 2560 1969 2619 terra
2016 2555 2178 2618 ultra
2224 2554 2546 2619 brachium
2608 2557 2673 2619 et
2716 2554 2876 2619 citra
2926 2554 3245 2619 brachium

534 2644 600 2710 in
647 2643 830 2708 terris
878 2641 1170 2706 heredum
1220 2644 1384 2724 regis
1445 2645 1511 2706 et
1570 2643 1994 2725 imperatoriS,
2056 2640 2245 2707 faciat
2287 2643 2636 2725 ligietatem
2691 2641 2785 2707 illi
2838 2643 3118 2720 domino,
3184 2641 3247 2705 in

534 2729 711 2797 cuius
758 2733 923 2795 terra
968 2730 1164 2793 maior
1211 2747 1356 2812 pars
1405 2729 1568 2793 feudi
1633 2729 1841 2807 fuerit,
1892 2732 2081 2795 donec
2127 2730 2358 2794 habeat
2418 2730 2706 2794 heredem
2754 2729 2830 2794 de
2871 2749 3053 2795 carne
3108 2747 3249 2813 pro-

536 2819 689 2902 pria,
739 2819 959 2900 quibus
1005 2818 1202 2899 possit
1249 2818 1480 2899 percipi
1519 2816 1771 2881 feudum
1824 2819 1992 2899 prius
2039 2819 2391 2895 decessum,
2465 2820 2529 2881 et
2592 2817 2706 2881 hoc
2767 2819 2857 2882 sic
2920 2836 2993 2882 ne
3055 2818 3251 2899 possit

536 2907 707 2988 perdi
754 2904 1005 2969 feudum
1049 2906 1127 2969 ab
1174 2905 1378 2986 aliqua
1422 2906 1618 2987 parte.
1691 2905 1848 2969 Item
1897 2906 2267 2987 quicumque
2312 2906 2550 2970 tenebit
2610 2905 2858 2969 feudum
2909 2905 3005 2968 vel
3051 2905 3250 2969 domi-

537 2993 709 3056 nium
759 2994 834 3056 ab
885 2992 1163 3073 imperio,
1211 2992 1571 3056 immediate
1616 2990 1804 3055 faciet
1854 2993 1980 3074 regi
2027 2991 2298 3056 Johanni
2362 2992 2723 3075 homagium
2761 2992 2982 3074 ligium
3029 2993 3107 3055 ad
3153 2991 3245 3055 vi-

536 3083 668 3143 tam
718 3098 894 3143 suam
943 3080 1007 3143 et
1053 3079 1414 3143 fidelitatem
1481 3081 1693 3142 contra
1758 3098 2007 3154 omneS,
2056 3079 2162 3162 qui
2226 3082 2483 3161 possunt
2552 3081 2757 3144 vivere
2823 3085 3006 3161 atque
3071 3077 3253 3153 mori,

535 3166 783 3246 excepto
832 3166 1153 3242 Balduin0,
1204 3167 1328 3248 qui,
1377 3185 1515 3230 cum
1570 3165 1808 3230 venerit
1854 3167 1929 3230 ad
1978 3169 2206 3231 etatem
2245 3167 2362 3230 XX
2384 3185 2701 3245 annorum,
2767 3168 2895 3248 regi
2943 3167 3252 3231 tenebitur

542 3254 888 3316 iuramenta
950 3254 1025 3315 ad
1085 3252 1452 3316 servandum
1517 3254 1718 3335 ipsum
1768 3256 1832 3317 et
1878 3272 2019 3317 suas
2083 3254 2511 3318 conventiones
2559 3255 2837 3336 superius
2899 3255 3249 3328 annotatae,

537 3342 603 3404 et
645 3339 776 3420 ipse
825 3338 1163 3403 Balduinus
1211 3339 1532 3402 tenebitur
1570 3343 1768 3404 facere
1820 3341 2145 3404 servicium
2197 3341 2479 3404 debitum
2543 3341 2801 3422 imperio
2858 3340 2932 3405 de
2980 3340 3244 3405 homini-

536 3426 653 3491 bus
701 3427 830 3489 suis
881 3444 983 3505 pro
1030 3424 1224 3489 tercia
1261 3425 1378 3489 sibi
1426 3428 1761 3508 assignata,
1805 3432 1870 3491 et
1915 3427 2194 3491 homines
2242 3427 2524 3491 Balduini
2586 3428 2769 3492 istius
2817 3430 3011 3505 terre,
3060 3445 3243 3510 quam

537 3512 811 3589 habebit,
862 3512 1087 3577 facient
1131 3513 1486 3595 homagium
1535 3513 1751 3595 ligium
1819 3514 1948 3597 regi
1993 3513 2282 3592 Johanni,
2332 3518 2395 3579 et
2439 3515 2730 3579 iurabunt
2775 3515 2848 3579 ad
2885 3515 3249 3579 servandum

541 3600 975 3665 conventiones
1024 3600 1406 3683 supradictas
1466 3602 1666 3665 adhuc
1712 3603 1774 3665 in
1839 3603 2016 3678 terra,
2067 3622 2183 3684 que
2245 3603 2592 3684 acquiretur
2652 3603 2749 3667 vel
2810 3603 3250 3684 reacquiretur.

542 3689 812 3754 Berones
859 3686 1197 3752 secundum
1247 3689 1515 3753 valorem
1567 3693 1727 3752 terre
1777 3690 2009 3752 milites
2051 3709 2114 3752 se
2161 3688 2517 3753 feudabaut.
2565 3691 2725 3754 Item
2773 3690 2897 3754 filie
2939 3689 3088 3772 regi,
3131 3707 3247 3770 que

540 3777 662 3840 erit
705 3793 856 3839 uxor
904 3775 1209 3847 Balduini,
1258 3776 1686 3858 assignabitur
1730 3794 1839 3858 pro
1904 3776 2138 3840 dotalio
2187 3775 2306 3840 XX
2355 3776 2528 3840 milia
2589 3795 3027 3860 yperperorum
3088 3779 3251 3841 terre

542 3865 619 3928 ad
668 3861 1222 3927 considerationem
1268 3863 1503 3927 domini
1544 3863 1889 3945 patriarche
1937 3865 2001 3927 et
2044 3865 2306 3943 quatuor
2372 3865 2671 3927 baronum
2724 3863 2986 3947 imperii.
3066 3863 3254 3927 Porro

544 3950 759 4032 regine
807 3949 1092 4014 videlicet
1124 3949 1309 4014 uxori
1372 3950 1536 4033 regis
1595 3949 2011 4032 assignabitur
2058 3951 2289 4016 dotalia
2351 3951 2416 4014 iu
2462 3954 2644 4027 terra,
2685 3970 2876 4033 quam
2924 3970 3027 4014 rex
3068 3950 3259 4032 eliget

544 4057 653 4120 pro
700 4037 1028 4102 heredibus
1076 4038 1221 4101 suis,
1272 4037 1356 4100 Et
1401 4037 1453 4101 si
1500 4037 1658 4101 forte
1704 4038 1997 4120 contiget,
2047 4057 2255 4121 regem
2304 4039 2594 4103 decedere
2633 4038 2802 4120 prius
2845 4057 3027 4120 quam
3091 4041 3256 4102 terra

542 4126 836 4190 heredum
881 4137 1134 4192 suorum
1175 4124 1361 4187 fuerit
1401 4124 1686 4205 aquista,
1757 4125 2178 4205 providebitur
2219 4127 2428 4208 regine
2474 4126 2548 4189 de
2609 4125 2895 4191 dotalicio
2954 4127 3016 4189 in
3072 4129 3254 4202 terra,

549 4230 735 4293 quam
777 4212 946 4293 prius
993 4210 1345 4294 acquiretur
1386 4211 1461 4274 de
1508 4212 1764 4277 consilio
1814 4212 2044 4277 domini
2084 4214 2387 4294 patriarce
2441 4216 2504 4277 et
2551 4213 2638 4278 IV
2688 4215 3022 4292 baronum,
3090 4213 3255 4276 istud

546 4298 947 4363 condistionis
996 4298 1156 4362 inter
1202 4298 1423 4380 posim,
1473 4299 1633 4380 quod
1673 4301 1802 4363 tam
1853 4300 1975 4364 cito
2024 4302 2189 4364 terra
2236 4299 2530 4365 heredum
2578 4300 2742 4383 regis
2788 4303 2908 4366 erit
2937 4298 3255 4382 acquisita,

543 4384 678 4464 ipsa
724 4385 928 4465 capiet
961 4386 1323 4449 dotalicium
1370 4405 1550 4449 suum
1600 4386 1661 4449 in
1709 4387 1948 4450 eadem.
2011 4385 2076 4451 Si
2130 4387 2479 4452 inveniatur
2524 4389 2807 4466 tantum,
2857 4389 3015 4471 quod
3063 4386 3260 4469 possit

546 4472 676 4534 fieri
727 4473 802 4535 ad
846 4472 1171 4537 arbitrium
1218 4472 1655 4554 predictorum,
1705 4476 1768 4538 et
1816 4478 1963 4538 tunc
1998 4477 2167 4540 terra
2211 4474 2325 4538 illa
2371 4474 2449 4538 ad
2491 4475 2928 4556 imperatorem
2971 4474 3253 4539 futurum

547 4560 891 4622 revertetur
930 4559 1231 4623 absolute.
1282 4558 1442 4624 Sane
1488 4579 1697 4625 omnes
1749 4561 1983 4625 feudati
2029 4561 2091 4625 in
2137 4561 2396 4644 imperio
2444 4562 2769 4640 iurabunt,
2823 4582 2889 4627 se
2936 4565 3144 4627 tenere
3191 4561 3254 4624 et

547 4661 788 4708 servare
830 4664 1039 4710 omnes
1087 4647 1239 4711 istas
1286 4647 1736 4725 conventioueS,
1787 4650 1851 4711 et
1895 4649 2163 4731 recipere
2209 4667 2420 4732 regem
2468 4650 2527 4713 in
2576 4648 2894 4715 dominum
2941 4653 3005 4713 et
3049 4650 3248 4729 impe-

545 4732 717 4796 rator
762 4731 1000 4814 quando
1046 4735 1125 4796 ad
1171 4735 1400 4798 terram
1448 4736 1651 4799 veniet
1698 4736 1808 4800 deo
1853 4737 2057 4800 dante.
2127 4737 2258 4801 Rex
2303 4755 2481 4817 vero,
2544 4738 2783 4820 quando
2843 4735 3251 4817 coronabitur,
