3620 5282
813 539 1410 627 CCCLXXIX.
1468 541 1675 627 God.
1730 545 1957 629 1389.
2010 542 2114 628 26
2169 543 2525 646 venaco,
2581 565 2643 627 u
2701 543 3083 627 Mletclh.

958 686 1105 762 opet
1148 690 1377 762 nastoje
1421 688 1729 759 Metram,
1776 691 1856 749 aa
1899 691 2069 751 Drae
2107 691 2315 765 proaje
2359 707 2402 750 u
2446 691 2681 765 njihove
2739 691 2905 751 rurae.

792 824 975 889 1388.
1025 826 1119 889 die
1164 824 1391 890 XXVI.
1443 826 1754 892 februarii.
1806 826 1919 892 Ser
1964 827 2190 893 Tomas
2239 828 2606 904 Barbadico,
2641 846 2740 892 ser
2770 826 3040 892 Blancus
3065 825 3292 901 Barbo,

575 932 674 978 ser
719 912 984 978 Jacobus
1032 912 1397 991 Contereno,
1443 916 1708 997 sapietes
1756 916 2020 981 consilii.
2072 916 2267 999 Capta
2313 936 2453 980 cum
2518 915 2859 993 addicione,
2924 913 3129 998 posita
3178 933 3293 997 per

576 1020 672 1065 ser
702 1001 1013 1065 Victorem
1046 1002 1379 1089 Valaresso
1412 1004 1478 1066 et
1519 1023 1617 1068 ser
1660 1003 2004 1069 Johannem
2057 1004 2326 1087 Capeno,
2379 1004 2534 1070 Cum
2581 1005 3037 1087 comparuerint
3081 1020 3290 1069 coram

574 1088 778 1154 ducali
826 1091 1094 1154 dominio
1142 1088 1261 1153 duo
1308 1091 1759 1156 ambaxiatores
1817 1093 2050 1157 domini
2116 1093 2430 1171 Durachii,
2493 1095 2864 1175 exponentes
2934 1092 3099 1156 inter
3162 1089 3291 1154 alia.

574 1178 907 1241 maximam
940 1180 1413 1243 'extremitatem
1462 1179 1735 1244 civitatis
1802 1181 2094 1247 Durachii
2162 1183 2224 1245 et
2294 1181 2558 1246 debilem
2623 1180 3044 1268 condicionem
3115 1178 3289 1242 illius

574 1265 803 1328 domini
850 1270 978 1329 tam
1028 1268 1272 1349 propter
1321 1267 1747 1332 infirmitatem
1784 1288 1960 1333 suam
2010 1269 2416 1334 incurabilem
2486 1288 2669 1352 quam
2731 1281 2978 1352 propter
3020 1266 3285 1331 necessi·-

574 1354 766 1418 tatem
817 1372 993 1418 suam
1046 1358 1107 1419 et
1154 1356 1426 1419 omnium
1479 1355 1775 1421 baronum
1825 1376 2072 1422 suorum
2119 1361 2250 1422 tam
2298 1358 2540 1422 baveris
2574 1376 2757 1440 quam
2796 1355 2962 1421 bladi
2995 1357 3059 1419 et
3089 1355 3282 1419 victu·

572 1442 789 1520 alium,
839 1442 983 1524 quia
1029 1461 1240 1507 omnes
1288 1446 1436 1508 sunt
1481 1446 1781 1527 consupti,
1830 1448 1906 1511 ob
1952 1464 2068 1529 que
2106 1445 2271 1510 dicta
2319 1445 2537 1509 civitas
2583 1445 2860 1510 subiacet
2905 1443 3121 1508 maiori
3175 1461 3283 1526 pe-

571 1530 766 1594 riculo
811 1549 994 1613 quam
1043 1550 1311 1615 unquam
1371 1531 1560 1597 fuerit
1622 1533 1684 1597 in
1725 1535 2129 1616 perveniendo
2167 1536 2241 1598 ad
2302 1551 2520 1598 manus
2596 1532 2971 1607 Turcorum;
3037 1534 3285 1612 insuper

569 1620 999 1700 exposuerant,
1053 1618 1215 1702 quod
1262 1620 1548 1684 dominus
1598 1622 1891 1686 Durachii
1938 1622 2095 1704 petit
2152 1622 2625 1693 instantissime,
2693 1620 2853 1705 quod
2900 1638 3017 1684 non
3057 1619 3284 1684 astrin-

571 1709 755 1788 gatur
801 1706 877 1770 ad
925 1707 1281 1771 solvendum
1331 1707 1470 1772 illos
1517 1711 1767 1774 ducatos
1815 1710 1936 1775 VII
1983 1712 2230 1775 centum
2280 1711 2377 1775 vel
2423 1711 2581 1774 circa
2630 1709 2703 1774 de
2751 1707 2954 1792 precio
2985 1706 3283 1772 frumenti

568 1796 848 1859 conducti
898 1795 1315 1872 Durachium,
1385 1796 1458 1870 ad
1506 1816 1621 1880 que
1666 1798 1872 1862 omnia
1938 1800 2035 1863 est
2100 1799 2348 1862 omnino
2411 1795 2855 1880 providendum
2923 1797 2989 1861 et
3054 1797 3278 1879 presto,

567 1901 680 1946 nec
726 1883 1083 1965 permittere
1133 1902 1265 1948 rem
1313 1884 1403 1947 ire
1449 1886 1537 1949 ita
1582 1886 1696 1950 sub
1744 1905 1809 1950 se
1858 1905 1968 1969 pro
2040 1887 2501 1951 evidentissimo
2568 1885 2728 1950 bono
2806 1889 3030 1949 nostro.
3107 1883 3274 1948 Nam

567 1969 729 2035 sicut
800 1971 1089 2035 omnibus
1156 1974 1370 2036 notum
1438 1981 1549 2049 est,
1621 1973 1673 2037 si
1744 1976 1911 2040 dicta
1979 1975 2201 2039 civitas
2249 1974 2323 2040 ad
2371 1992 2591 2039 manus
2637 1973 2973 2038 Turcorum
3020 1971 3276 2050 veniret,

565 2059 969 2124 consideratis
1016 2059 1336 2137 flumariiS,
1386 2079 1500 2143 que
1563 2064 1710 2127 sunt
1770 2064 1831 2127 in
1894 2064 2068 2128 tanta
2124 2063 2472 2146 quantitate
2532 2061 2693 2127 circa
2754 2059 3159 2136 Durachium,
3205 2058 3282 2124 de

562 2148 785 2229 quibus
832 2149 1081 2229 possent
1126 2147 1367 2212 extrahi
1411 2149 1584 2232 galee
1629 2153 1691 2215 et
1738 2150 1928 2233 ligna,
1977 2151 2121 2234 quia
2190 2152 2275 2217 ibi
2324 2157 2467 2215 sunt
2513 2150 2854 2233 lignamina
2901 2150 2968 2213 et
3011 2149 3086 2212 de
3138 2149 3273 2231 pice

565 2239 629 2298 et
674 2235 817 2300 aliis
866 2236 1353 2319 preparamentis
1401 2239 1477 2301 ad
1524 2239 1867 2302 nocendum
1917 2241 1976 2303 in
2025 2239 2202 2316 mari,
2244 2239 2486 2304 cederet
2534 2240 2607 2304 ad
2656 2238 2840 2301 nimis
2888 2255 3075 2320 grave
3108 2237 3282 2300 dam-

561 2342 712 2387 num
774 2325 965 2388 nostri
1004 2325 1350 2389 communis
1399 2327 1463 2388 et
1505 2328 1703 2391 status
1750 2329 1976 2409 nostri3
2052 2329 2223 2392 vadit
2290 2340 2431 2410 pars
2501 2326 2665 2409 quod
2734 2327 2796 2389 in
2843 2326 3088 2390 nomine
3147 2325 3279 2389 iesu

561 2410 782 2475 christi
849 2430 957 2494 pro
1019 2412 1300 2477 habendo
1360 2432 1649 2495 personas
1715 2415 2019 2480 notabiles
2077 2416 2141 2480 in
2196 2415 2525 2492 Durachio,
2595 2432 2712 2497 que
2755 2413 3154 2496 prohibeant,
3204 2430 3282 2477 ne

558 2497 790 2563 Turchi
836 2500 1073 2563 intrent
1113 2501 1171 2563 in
1215 2499 1543 2578 Durachio‚
1593 2505 1657 2566 et
1701 2522 1816 2585 que
1864 2504 2137 2568 habeant
2182 2522 2425 2586 semper
2471 2503 2661 2568 menti
2706 2503 2769 2566 et
2802 2501 2969 2566 cordi
3015 2518 3124 2565 suo
3167 2499 3283 2565 ho-

561 2605 773 2653 norem
822 2588 1017 2653 nostri
1066 2589 1340 2665 dominii,
1390 2591 1588 2672 possit
1634 2591 1916 2675 promitti
1993 2611 2183 2676 usque
2246 2611 2349 2657 sex
2418 2609 2491 2656 ex
2558 2590 2893 2656 baronibus
2959 2589 3276 2668 Durachii,

556 2677 657 2758 qui
709 2676 1084 2740 videbuntur
1128 2676 1406 2761 collegio,
1457 2680 1520 2742 in
1568 2699 1823 2744 numero
1870 2699 2129 2763 quorum
2178 2681 2304 2745 sint
2350 2681 2456 2745 isti
2502 2678 2620 2745 duo
2654 2678 3126 2753 ambaxiatoreS,
3163 2677 3278 2743 du·

551 2765 677 2828 cati
729 2764 989 2848 triginta
1037 2765 1098 2828 in
1146 2784 1303 2829 anno
1351 2785 1457 2848 pro
1506 2768 1782 2849 quolibet
1828 2770 1906 2832 ad
1953 2768 2404 2852 beneplacitum
2454 2768 2651 2832 nostri
2696 2766 2974 2843 dominii,
3009 2767 3074 2831 et
3096 2766 3279 2831 detur

552 2853 672 2915 sibi
721 2856 795 2915 ad
847 2852 1343 2934 intelligendum,
1394 2857 1551 2937 quod
1599 2856 1651 2919 si
1705 2856 1929 2921 civitas
1976 2857 2272 2922 Durachii
2317 2858 2636 2940 perveniet
2688 2855 2764 2920 ad
2812 2874 3033 2920 manus
3080 2856 3279 2920 nostri

555 2941 838 3017 dominii,
888 2941 1349 3024 providebimus
1396 2943 1473 3006 de
1519 2945 1628 3018 eiS,
1676 2947 1838 3027 quod
1901 2946 2015 3027 ipsi
2078 2944 2396 3009 habebunt
2456 2947 2677 3009 merito
2737 2943 3102 3008 contentari.
3193 2943 3279 3009 Et

550 3027 731 3092 detur
772 3029 914 3093 istis
963 3031 1198 3093 duobus
1236 3030 1742 3096 ambaxatoribus
1788 3051 1944 3116 page
1992 3035 2065 3098 de
2111 3033 2423 3097 mentibus
2470 3051 2575 3096 sex
2620 3051 2726 3116 pro
2767 3031 3062 3114 quolibet.

760 3118 856 3183 Ad
908 3117 1141 3182 factum
1188 3122 1394 3183 autem
1444 3119 1738 3184 frumenti
1801 3122 1891 3185 sic
1949 3122 2284 3198 ordinetur,
2350 3119 2508 3203 quod
2568 3119 2842 3203 provisor
2904 3123 3112 3185 noster
3171 3137 3276 3184 ser

548 3203 840 3270 Peracius
906 3206 1239 3287 Maripetro
1301 3208 1522 3272 debeat
1582 3209 1948 3273 descendere
1989 3211 2071 3273 ·in
2135 3210 2464 3283 Durachio,
2528 3213 2590 3272 et
2638 3210 2726 3272 ire
2771 3209 2847 3271 ad
2894 3208 3272 3290 presentiam

551 3293 787 3357 domini
831 3294 1122 3358 Durachii
1167 3314 1306 3359 cum
1360 3297 1589 3361 nostris
1632 3297 1862 3361 litteris
1909 3296 2322 3372 credulitatiS,
2372 3298 2470 3361 cui
2505 3298 2771 3378 exponat
2799 3299 2938 3378 post
2976 3293 3272 3375 salutem,

544 3381 706 3462 quod
781 3382 1104 3447 intellecta
1172 3384 1525 3449 ambaxiata
1592 3384 1769 3449 nobis
1815 3387 2089 3468 exposita
2135 3390 2311 3468 parte
2359 3403 2471 3449 sua
2517 3402 2703 3466 super
2743 3382 2907 3448 facto
2953 3381 3269 3460 frumenti,

544 3466 709 3532 clare
760 3473 822 3533 et
865 3470 1195 3535 manifeste
1235 3472 1532 3549 videmuS,
1583 3473 1743 3555 quod
1789 3493 1897 3556 per
1945 3477 2126 3555 pacta
2171 3476 2235 3538 et
2280 3473 2748 3538 convenctiones
2795 3471 3046 3536 habitas
3102 3471 3272 3537 inter

540 3557 999 3622 ambaxiatores
1049 3578 1192 3622 suos
1241 3563 1304 3623 et
1351 3561 1490 3625 illos
1537 3564 1777 3626 nostros
1826 3562 2008 3642 cives,
2056 3562 2161 3645 qui
2209 3561 2486 3625 fecerunt
2531 3559 2790 3625 conduci
2855 3560 3091 3624 dictum
3138 3560 3271 3625 fru-

539 3649 841 3724 mentum,
906 3646 1037 3726 ipse
1093 3647 1378 3712 dominus
1441 3652 1687 3714 tenetur
1751 3652 1815 3713 et
1859 3649 2043 3713 debet
2103 3649 2336 3715 solvere
2393 3652 2593 3713 totum
2643 3648 2920 3731 precium
2970 3649 3266 3714 frumenti

539 3734 821 3815 predicti,
896 3735 1057 3800 sicut
1126 3738 1224 3800 est
1289 3737 1523 3801 iustum
1572 3739 1636 3802 et
1683 3737 2119 3828 rationabile3·
2154 3757 2364 3803 verum
2433 3754 2537 3819 pro
2584 3754 2706 3800 non
2752 3735 2974 3801 stando
3016 3738 3076 3801 in
3125 3738 3268 3802 istis

537 3822 839 3898 terminis
889 3824 1030 3905 quia
1076 3825 1511 3906 complacendo
1557 3826 1673 3907 ipsi
1723 3825 1967 3890 domino
2014 3827 2089 3891 de
2136 3827 2257 3891 ista
2305 3825 2656 3908 quantitate
2687 3822 3075 3888 denariorum
3108 3825 3267 3890 dicti

537 3908 854 3981 frumenti,
904 3913 1031 3993 ipse
1076 3911 1363 3976 dominus
1411 3913 1569 3978 infra
1615 3914 1838 3979 modici
1887 3915 2182 3996 temporis
2228 3914 2496 3996 spatium
2529 3913 2770 3996 peteret
2800 3912 2989 3976 etiam
3022 3914 3262 3977 anobis

537 3999 907 4071 subsidium,
957 3999 1280 4082 allegando
1329 4001 1447 4064 sibi
1495 4002 1955 4065 extremitatem
2003 4021 2199 4078 suam,
2248 4002 2415 4066 sicut
2457 4002 2771 4084 hucusque
2816 3998 2963 4064 fecit
2994 4001 3056 4064 et
3087 3999 3261 4079 facit,

532 4085 819 4169 loquatur
868 4087 987 4151 sibi
1036 4089 1198 4152 clare
1234 4095 1296 4152 et
1343 4095 1587 4171 aperte3
1660 4093 1724 4154 et
1783 4101 2109 4173 propterea
2178 4092 2396 4155 debeat
2461 4089 2666 4155 dicere
2734 4087 2936 4153 dictus
2983 4089 3262 4170 provisor

531 4178 760 4256 noster,
810 4177 967 4258 quod
1016 4177 1535 4241 consideravimus
1603 4176 2021 4243 conditionem
2089 4179 2285 4262 ipsius
2347 4179 2600 4250 domini,
2649 4178 2722 4241 de
2789 4195 2909 4260 qua
2980 4175 3257 4241 multum

530 4262 832 4340 dolemuS,
882 4264 1027 4347 quia
1073 4264 1372 4329 vellemus
1420 4265 1704 4341 libenter,
1754 4268 1918 4348 quod
1965 4270 2131 4330 esset
2178 4285 2364 4331 sanus
2433 4271 2498 4331 et
2559 4267 2813 4348 paratus
2889 4262 2967 4329 ad
3018 4264 3260 4330 substi-

530 4350 800 4414 nendum
849 4350 1136 4416 honorem
1187 4356 1250 4416 et
1295 4372 1391 4417 res
1441 4372 1602 4430 suaS,
1645 4355 1749 4419 sed
1799 4357 2128 4437 postquam
2180 4375 2278 4420 res
2325 4354 2506 4419 aliter
2553 4373 2686 4419 esse
2730 4371 2853 4417 non
2898 4356 3126 4436 potest,
3161 4353 3254 4419 sic

530 4437 816 4511 dicimus,
864 4439 1020 4521 quod
1071 4440 1122 4504 si
1171 4441 1300 4522 ipse
1346 4442 1630 4507 dominus
1678 4443 1871 4507 sentit
1917 4442 2328 4508 conditionem
2378 4461 2552 4507 suam
2599 4445 2730 4507 tam
2762 4440 3054 4517 debilem,
3090 4444 3256 4523 quod

531 4541 650 4586 non
690 4529 902 4605 posset
945 4548 1009 4590 se
1056 4531 1235 4603 tueri,
1289 4528 1598 4595 laudabile
1640 4536 1703 4594 et
1750 4532 1973 4596 bonum
2026 4534 2123 4597 est
2167 4550 2276 4615 pro
2323 4530 2654 4595 manifesto
2708 4530 2863 4593 bono
2907 4528 3102 4610 ipsius
3147 4531 3254 4593 do-

530 4611 700 4684 mini,
750 4613 907 4692 quod
969 4615 1097 4694 ipse
1145 4617 1365 4679 debeat
1424 4619 1629 4700 potius
1676 4619 1853 4695 velle,
1903 4621 2064 4702 quod
2113 4621 2245 4703 ipsa
2290 4618 2513 4683 civitas
2571 4619 2890 4681 remaneat
2936 4616 2998 4680 in
3047 4618 3252 4681 mani-

530 4695 643 4791 bus
691 4699 916 4763 nostris
964 4719 1146 4782 quam
1196 4704 1554 4781 Turcorum,
1602 4707 1665 4768 et
1708 4707 1846 4770 ideo
1895 4726 2268 4789 rogamanus
2315 4726 2474 4788 eum,
2524 4708 2682 4790 quod
2751 4706 3083 4787 antequam
3154 4703 3248 4770 ita

527 4780 942 4848 1nfortunatus
991 4807 1167 4855 casus
1215 4792 1333 4854 sibi
1382 4794 1685 4871 occurrat,
1734 4794 1915 4858 vellit
1960 4795 2436 4861 condescendere
2481 4795 2558 4860 ad
2603 4796 2763 4859 hanc
2823 4796 3098 4857 nostram
3146 4792 3242 4857 in-
