3620 5282
3005 348 3091 412 53

723 521 1073 603 LXXX.
1138 521 1344 604 God.
1400 522 1626 604 1:348.
1672 523 1771 604 14
1823 520 2188 623 venoce,
2241 545 2299 604 u
2354 522 2735 605 Mlctcih.

931 646 980 707 o
1021 649 1208 707 stra&
1250 650 1438 708 kneza
1490 648 1844 722 Dmnskoqa
1886 665 1929 706 u
1973 649 2198 707 Mletke
2236 650 2545 707 «medena.

599 786 784 852 1347.
831 786 929 851 die
980 786 1060 850 14
1108 787 1418 864 februarii,
1467 788 1676 868 capta:
1726 786 1869 868 quia
1901 805 2104 852 comes
2136 787 2343 869 Dujni‚
2388 806 2568 869 quem
2617 788 2951 852 secundum
2986 808 3092 853 no-

381 876 577 940 strum
626 875 984 940 mandatum
1050 874 1169 939 huc
1217 875 1391 939 misit
1455 876 1660 939 noster
1719 875 2072 957 capitaneus
2135 875 2512 959 pasynatici‚
2576 878 2967 940 conservetur
3027 877 3090 939 in

382 967 594 1029 sancto
638 963 919 1047 Georgio,
968 962 1184 1027 stando
1232 963 1504 1027 reclusus
1566 962 1629 1026 in
1673 981 1794 1027 una
1840 980 2117 1039 camera,
2180 966 2242 1027 et
2290 982 2393 1027 sex
2440 982 2512 1027 ex
2574 964 2929 1029 custodibus
2978 964 3090 1028 do-

376 1051 683 1116 minorum
744 1051 820 1116 de
881 1061 1053 1115 nocte
1101 1053 1164 1115 et
1208 1052 1482 1133 capitum
1544 1051 1942 1115 sextariorum
1989 1051 2064 1115 ad
2120 1051 2370 1114 mudum
2423 1053 2583 1116 stare
2648 1052 2933 1116 continue
2979 1054 3084 1118 de-

379 1141 566 1204 beant
609 1141 670 1203 in
718 1158 979 1218 camera,
1028 1139 1092 1202 in
1140 1158 1260 1221 qua
1307 1139 1509 1203 dictus
1550 1157 1751 1205 comes
1801 1138 2013 1217 stabit,
2056 1138 2119 1203 et
2164 1139 2346 1203 barca
2372 1139 2761 1204 dominorum
2794 1140 2867 1203 de
2905 1142 3080 1205 nocte

376 1229 504 1292 stet
552 1227 837 1292 continue
879 1229 950 1291 de
997 1229 1175 1291 nocte
1222 1229 1286 1292 et
1327 1228 1400 1291 de
1446 1226 1546 1290 die
1589 1227 1819 1291 circum
1869 1245 2029 1310 moy.
2073 1227 2466 1292 custodiendo
2527 1228 2689 1292 sicut
2735 1229 2854 1292 erit
2900 1248 3076 1311 expe-

375 1317 566 1380 diens
613 1316 697 1380 Et
742 1316 854 1380 hec
900 1315 1230 1381 comitatur
1276 1314 1538 1378 dominis
1584 1314 1660 1379 de
1716 1317 1896 1379 nocte
1938 1317 2002 1378 et
2046 1315 2354 1396 capitibus
2412 1317 2847 1395 sexteriorum‚
2896 1316 3076 1398 quod,

374 1403 649 1469 faciendo
696 1403 775 1467 ad
820 1404 1092 1480 mudam.
1142 1403 1478 1485 adimplere
1524 1402 1789 1467 debeant
1839 1402 2132 1484 predicta,
2168 1403 2259 1467 ita
2303 1404 2457 1485 quod
2503 1405 2654 1468 bene
2686 1404 3082 1470 custodiatur.

463 1495 661 1565 Misti,
708 1494 948 1552 XXIV.
996 1496 1097 1563 63,
1142 1512 1185 1552 u
1230 1496 1445 1553 arkivu
1479 1493 1835 1553 meetaokom.

715 1644 1111 1765 Lxxxl.
1167 1682 1374 1766 eoo.
1428 1683 1655 1765 1348.
1709 1683 1803 1767 15
1858 1681 2216 1785 venaco,
2271 1705 2330 1764 u
2384 1683 2772 1765 metam.

999 1808 1051 1869 Ο
1095 1810 1396 1883 izaslanju
1425 1811 1750 1883 poslanika
1790 1812 1828 1869 k
1872 1811 2193 1884 agan—hm.
2241 1811 2458 1882 kralju.

596 1929 778 1994 1347.
826 1929 926 1994 die
971 1930 1090 1993 XV
1133 1929 1445 2009 februarii,
1491 1931 1705 2011 capta:
1753 1932 1901 2012 quia
1947 1930 2108 1994 sicut
2150 1930 2366 1994 amodo
2411 1930 2667 2013 quisque
2699 1932 3081 1998 considerare
3159 1948 3162 1955 ·

376 2021 601 2102 potest,
649 2037 768 2082 non
816 2020 911 2083 est
957 2020 1202 2098 tempus
1248 2017 1601 2082 induciandi
1648 2018 1917 2100 amplius
1963 2018 2027 2081 in
2073 2018 2251 2082 factis
2299 2018 2557 2096 nostris,
2627 2022 2690 2083 et
2751 2039 2857 2101 pro
2909 2019 3082 2084 nobis

323 2126 329 2131 ·
378 2107 569 2171 faciat
617 2107 788 2183 scire,
838 2105 1103 2188 qualiter
1142 2105 1344 2170 vivere
1392 2105 1682 2170 debemus
1729 2125 1868 2169 curn
1921 2105 2166 2170 domino
2211 2125 2353 2189 rege
2400 2106 2750 2190 Hungarie‚
2815 2111 2876 2171 et
2921 2109 3082 2173 inter

373 2195 527 2260 alias
572 2193 945 2275 provisiones
992 2193 1143 2257 utile
1192 2194 1277 2256 sit
1321 2191 1519 2257 facere
1564 2194 1796 2257 famam
1840 2197 1900 2258 et
1946 2213 2156 2258 vocem
2188 2193 2262 2258 de
2296 2195 2593 2258 mittendo
2639 2197 2912 2259 nostram
2949 2214 3081 2259 am-

367 2282 682 2348 baxiatam
729 2281 920 2345 etiam
954 2299 1062 2363 pro
1102 2281 1300 2345 salute
1346 2284 1410 2345 et
1454 2281 1912 2347 conservatione
1958 2282 2222 2347 consulis
2266 2285 2330 2345 et
2375 2287 2789 2347 mercatorum
2836 2285 3075 2349 nostro-

368 2390 526 2447 rum,
579 2370 683 2454 qui
730 2371 875 2433 sunt
918 2370 980 2433 in
1028 2369 1304 2452 partibus
1350 2368 1588 2450 Apulee
1635 2389 1775 2434 cum
1826 2390 2034 2435 eorum
2103 2370 2274 2435 bonis
2335 2388 2453 2433 non
2515 2372 2743 2453 absque
2803 2372 3074 2454 periculo

365 2459 676 2523 evidenti:
745 2457 913 2522 vadit
948 2476 1111 2540 pam,
1156 2461 1313 2538 quod
1380 2477 1451 2520 ex
1512 2477 1671 2522 nunc
1733 2458 1818 2522 sit
1878 2459 2128 2541 captum
2175 2457 2249 2522 de
2299 2459 2603 2523 mictendo
2651 2459 3071 2524 ambaxiatam

365 2546 484 2629 ipsi
529 2546 678 2630 regi,
728 2545 835 2610 sed
882 2546 1305 2610 ambaxatores
1353 2546 1529 2609 ibunt
1574 2547 1735 2611 sicut
1796 2549 1860 2611 et
1918 2547 2159 2628 quando
2224 2546 2528 2611 videbitur
2589 2548 2730 2613 huic
2794 2547 3066 2612 consilio.

367 2635 471 2715 36,
519 2634 595 2700 de
642 2653 760 2699 non
806 2634 910 2712 36,
960 2654 1078 2700 non
1123 2633 1344 2699 sinceri
1389 2633 1450 2698 3.

446 2802 455 2806 ,
576 2721 806 2804 Capta:
855 2724 1016 2805 quod
1077 2720 1201 2786 alia
1260 2721 1425 2786 facta
1491 2721 1877 2786 inducientur
1937 2742 2125 2805 usque
2187 2722 2264 2786 ad
2312 2723 2475 2788 diem
2522 2723 2663 2788 lune
2729 2724 3076 2808 proximum

364 2812 505 2894 post
548 2829 794 2890 nonam,
843 2830 962 2894 quo
1008 2810 1106 2874 die
1154 2812 1217 2875 et
1260 2811 1406 2874 hora
1446 2810 1761 2876 vocabitur
1805 2810 1972 2874 istud
2017 2810 2341 2875 consilium
2390 2813 2502 2875 sub
2544 2831 2700 2895 pena
2746 2812 3078 2877 solidorum

575 2986 686 3052 Ser
730 2987 1009 3052 Donatus
1055 2984 1414 3070 Arymundo
1475 2986 1886 3062 consiliarinS‚
1952 3006 2051 3051 ser
2109 2987 2329 3051 Manus
2380 2987 2727 3070 Bragadino
2792 2988 3073 3071 sapiens:

371 3075 532 3158 quod
578 3077 872 3139 mictatur
912 3075 1119 3159 aliqua
1167 3092 1424 3157 persona
1470 3076 1814 3152 sufficien8‚
1860 3095 1974 3158 que
2023 3073 2324 3139 videbitur
2370 3076 2656 3153 domino,
2713 3077 3076 3143 consiliariis

373 3167 436 3228 et
481 3164 787 3246 capitibus
839 3165 902 3228 et
945 3164 1192 3245 utrique
1236 3164 1445 3227 manui
1492 3163 1842 3246 sapientum
1889 3163 1985 3228 vel
2033 3163 2246 3227 maiori
2288 3164 2446 3244 parti
2493 3164 2571 3227 ad
2619 3166 2930 3230 dominum
2981 3186 3076 3231 re-

370 3271 510 3335 gem
556 3251 873 3335 Hungarie
915 3270 1023 3334 per
1068 3250 1245 3316 illum
1308 3252 1561 3315 modum
1607 3254 1672 3314 et
1733 3269 1874 3314 cum
1944 3252 2070 3316 illis
2133 3251 2368 3328 verbiS‚
2418 3271 2534 3334 que
2599 3252 2761 3318 dicto
2822 3255 3076 3337 collegio

370 3339 739 3404 videbuntur
783 3358 891 3422 pro
938 3339 1215 3403 habendo
1261 3337 1511 3403 licteras
1556 3339 1942 3415 securitatiS‚
2007 3359 2114 3422 per
2178 3358 2330 3420 quas
2394 3341 2587 3404 nostri
2644 3342 3073 3407 ambaxatores

371 3446 583 3492 secure
628 3427 866 3510 possint
905 3426 1192 3492 accedere
1242 3429 1318 3491 ad
1361 3427 1663 3492 eumdem.
1710 3427 1816 3504 46,
1868 3446 1985 3490 non
2034 3427 2252 3491 sinceri
2300 3430 2351 3504 l,
2400 3428 2475 3493 de
2520 3447 2639 3492 non
2669 3430 2731 3493 Ο.

464 3518 625 3580 Secr.
672 3536 827 3578 cons.
871 3537 991 3593 roy.
1038 3517 1112 3577 A.
1160 3521 1259 3589 96,
1306 3537 1349 3577 u
1392 3519 1544 3578 mlet.
1591 3519 1822 3576 arkivu.

661 3707 1110 3789 LXXXII.
1163 3707 1369 3791 θοὰ.
1423 3708 1652 3791 1348.
1703 3709 1800 3790 18
1853 3705 2213 3808 venece,
2265 3732 2323 3790 u
2377 3709 2762 3792 Mlctclh.

370 3834 696 3908 Odredjeno
739 3836 988 3909 njekoya
1049 3835 1359 3908 odpremiti
1403 3836 1441 3893 k
1486 3835 1813 3909 wan-hrt).
1870 3836 2072 3907 kralju
2096 3881 2109 3904 ,
2166 3837 2244 3894 da
2289 3838 2364 3895 od
2421 3838 2596 3911 njeya
2640 3838 2827 3906 dobije
2872 3837 3073 3898 listove

750 3940 826 3984 za
867 3924 1135 3998 sjeyurni
1171 3924 1376 3996 prolaz
1407 3924 1777 4018 poslamtva‚
1823 3924 1952 3998 koje
1996 3942 2096 3982 mu
2139 3941 2199 3983 se
2242 3926 2386 3983 kani
2429 3926 2708 3998 upraviti.

580 4044 765 4108 1347.
818 4044 916 4109 die
962 4044 1176 4109 XVIII
1235 4044 1549 4122 februarii,
1616 4046 1829 4126 capta:
1893 4046 2051 4126 quod
2117 4044 2412 4110 mictatur
2473 4065 2590 4110 una
2651 4064 2910 4128 persona
2971 4047 3069 4111 vel

369 4133 597 4214 plureS‚
647 4134 807 4197 sicut
855 4133 1161 4198 videbitur
1223 4132 1498 4209 domino,
1565 4131 1965 4209 consiliariis,
2032 4135 2409 4214 sapientibus
2457 4136 2519 4198 et
2565 4133 2807 4216 utrique
2858 4135 3067 4199 manui

367 4221 716 4303 sapientum
759 4221 855 4286 vel
902 4221 1117 4286 maiori
1161 4221 1324 4303 parti
1370 4220 1446 4284 ad
1494 4220 1812 4285 dominum
1859 4238 2065 4304 regem
2093 4221 2405 4304 Hungarie
2453 4241 2556 4302 per
2595 4221 2769 4285 illum
2819 4223 3067 4286 modum

368 4311 433 4372 et
481 4327 622 4373 cnm
668 4308 796 4373 illis
838 4309 1059 4387 verbiS,
1105 4328 1219 4391 que
1259 4308 1629 4372 videbuntur
1676 4307 1840 4372 dicto
1887 4308 2144 4391 collegio
2192 4329 2298 4390 pro
2344 4310 2620 4374 habendo
2677 4310 2924 4374 licteras
2970 4330 3066 4374 se-

367 4396 670 4475 curitatis,
719 4416 826 4479 per
867 4415 1020 4479 quas
1067 4399 1261 4462 nostri
1307 4397 1729 4461 ambaxatores
1774 4415 1984 4462 secure
2030 4397 2315 4461 accedere
2361 4397 2595 4479 possint
2640 4398 2717 4461 ad
2748 4417 2907 4475 eum,
2946 4417 3062 4462 non

372 4485 590 4549 stando
636 4486 958 4567 propterea
1006 4485 1081 4548 de
1126 4484 1502 4567 procedendo
1548 4485 1611 4550 in
1659 4484 1964 4549 mictendo
2011 4486 2481 4560 ambaxiatores‚
2530 4486 2593 4550 et
2624 4486 2895 4550 faciendo
2942 4485 3065 4549 alia

371 4576 731 4655 opportuna.
780 4572 919 4638 Non
966 4573 1188 4638 sinceri
1235 4575 1295 4651 2,
1344 4574 1417 4636 de
1463 4591 1578 4637 non
1622 4573 1683 4650 5,
1734 4590 1945 4637 omnes
1992 4571 2099 4637 alii
2147 4574 2218 4637 de
2267 4574 2457 4656 parte.

453 4662 606 4722 Secr.
653 4681 806 4724 cons.
853 4683 972 4739 roy.
1018 4665 1116 4724 zib.
1157 4663 1231 4722 A.
1281 4666 1380 4732 97,
1426 4682 1468 4722 u
1511 4665 1848 4723 mletackom
1894 4665 2146 4723 arkivu.'
