3620 5282
561 351 690 416 444

554 531 763 605 matie,
811 531 884 595 ut
925 550 1042 596 non
1079 530 1278 616 possit
1323 551 1504 614 snper
1551 534 1694 597 inde
1741 534 1942 599 facere
1986 535 2323 600 transitum
2369 537 2431 599 et
2491 533 2579 599 ire
2627 534 2706 600 ad
2760 534 2994 601 damna
3041 553 3161 600 sua
3209 533 3285 600 in

552 620 835 699 partibus
881 619 1221 703 Hungarie‚
1261 621 1325 684 et
1371 622 1536 685 ultra
1577 621 1689 685 hoc
1736 623 1789 684 si
1839 621 2118 686 viderent
2163 628 2224 685 et
2268 625 2725 706 cognoscerent,
2773 624 2934 706 qnod
2980 622 3118 704 ipse
3164 622 3290 687 do-

552 706 757 769 minus
806 726 908 769 rex
957 723 1074 772 non
1120 710 1284 771 esset
1322 709 1649 772 contentus
1695 709 1769 772 de
1818 708 1988 772 dicta
2018 711 2421 791 promissione
2474 710 2696 787 solnm,
2746 710 2855 775 sed
2907 709 3100 774 vellet
3142 710 3279 775 alia

554 810 591 854 a
624 795 831 855 nostro
861 792 1153 871 dominio,
1186 795 1251 858 in
1287 795 1402 859 hoc
1437 813 1583 859 casu
1617 794 1821 860 dicere
1866 797 2171 876 poterunt,
2219 797 2381 880 quod
2427 798 2477 860 si
2526 797 2735 878 placet
2778 815 2890 861 sue
2943 797 3278 862 serenitati

552 877 686 958 ipsa
733 881 932 958 potest
975 880 1222 945 mittere
1269 883 1346 945 ad
1397 901 1502 946 nos
1554 901 1741 945 unum
1791 901 1974 946 suum
2022 884 2311 949 nuncium
2380 887 2690 948 secretum
2760 902 2905 948 cnm
2969 884 3271 948 libertate

553 965 629 1027 ad
675 962 944 1046 plenum,
992 968 1137 1050 quia
1182 974 1453 1049 sperant,
1500 968 1660 1051 quod
1707 968 2050 1034 dominatio
2098 975 2310 1035 nostra
2356 971 2475 1037 erit
2520 974 2805 1051 prompta
2833 972 2898 1035 et
2929 972 3148 1052 parata
3186 971 3276 1034 ad

552 1051 1058 1134 complacendum
1103 1056 1269 1120 dicto
1317 1055 1564 1120 domino
1614 1057 1743 1140 regi
1789 1056 1853 1121 in
1902 1055 2047 1133 illis,
2095 1076 2214 1140 que
2257 1061 2628 1123 concernent
2674 1058 2971 1122 honorem
3048 1059 3114 1121 et
3161 1057 3268 1121 bo-

553 1156 698 1201 num
748 1140 1068 1224 utriusque
1114 1145 1333 1224 partie.

761 1226 991 1292 Verum
1038 1233 1109 1292 ut
1155 1231 1409 1296 videant
1451 1250 1522 1295 ex
1570 1253 1731 1298 nunc
1777 1234 1997 1298 bonam
2042 1234 2106 1297 et
2150 1233 2458 1297 sinceram
2505 1232 2915 1296 intentionem
2960 1234 3026 1296 et
3055 1231 3271 1314 dispo·

552 1310 841 1378 sitionem
890 1319 1163 1382 nostram
1213 1338 1424 1383 versus
1468 1338 1570 1384 eos
1616 1320 2042 1404 principaliter
2106 1321 2171 1385 et
2240 1321 2435 1385 totam
2504 1319 2680 1383 illam
2725 1320 3271 1391 communitatem,

549 1416 767 1464 snmus
813 1403 1086 1468 contenti
1133 1406 1197 1469 et
1241 1405 1666 1488 promittimus
1712 1407 1824 1483 eiS,
1873 1407 2140 1473 habente
2188 1406 2310 1472 ista
2356 1425 2472 1472 sua
2515 1405 2919 1488 dispositione
2953 1406 3263 1481 effectum,

552 1487 623 1548 ut
667 1485 908 1552 dictum
956 1494 1069 1570 est,
1118 1493 1385 1575 recipere
1431 1511 1645 1558 omnes
1692 1496 1858 1576 ipsos
1905 1497 2174 1578 quinque
2224 1493 2589 1576 principales
2634 1511 2777 1557 cnm
2826 1492 2958 1557 suis
3016 1491 3263 1556 heredi-

555 1572 666 1636 bus
711 1578 775 1637 et
821 1576 1020 1641 facere
1066 1582 1306 1643 nostros
1354 1580 1589 1644 nobiles
1636 1583 1701 1646 et
1747 1584 1822 1646 de
1869 1584 2075 1647 nostro
2123 1581 2341 1646 maiori
2388 1582 2663 1658 consilio,
2731 1579 2823 1645 ita
2890 1579 3053 1662 qnod
3103 1597 3261 1661 gau-

551 1660 736 1724 deant
781 1660 912 1727 illis
960 1666 1290 1742 beneficiis,
1340 1670 1403 1731 et
1450 1669 1946 1747 inmunitatibus,
1996 1668 2220 1752 quibus
2265 1668 2539 1750 gaudent
2599 1668 2708 1731 alii
2757 1668 2953 1731 nostri
3001 1666 3262 1742 nobiles,

552 1751 618 1810 et
662 1749 825 1830 quod
873 1751 1039 1817 ultra
1086 1752 1378 1830 reddituS,
1428 1754 1722 1819 introitus
1769 1760 1834 1821 et
1877 1755 2157 1832 honoreS,
2206 1756 2429 1836 quibus
2474 1772 2685 1818 eorum
2731 1754 2962 1836 aliquis
3008 1756 3084 1817 ad
3129 1772 3267 1835 pre·

551 1851 693 1899 sens
740 1838 1014 1918 gaudent
1049 1858 1085 1903 a
1131 1858 1350 1905 corona
1397 1842 1714 1924 Hungarie
1758 1843 1855 1908 vel
1887 1845 1967 1908 ab
2000 1842 2109 1907 illa
2149 1842 2420 1920 civitate,
2453 1843 2723 1906 habeant
2754 1842 3010 1905 ducatos
3043 1837 3265 1905 CCCC.

552 1919 628 1983 de
674 1923 1019 2002 provisione
1084 1946 1194 2008 pro
1266 1929 1546 2009 quolibet
1613 1930 1673 1993 in
1744 1931 1874 1994 vita
1920 1949 2034 1995 sna
2077 1950 2113 1994 a
2156 1930 2363 1994 nostro
2404 1929 2735 1993 communi.
2796 1928 3025 1992 Sumus
3075 1929 3263 1991 etiam

551 2009 825 2073 contenti
874 2014 936 2074 et
982 2012 1189 2094 placet
1240 2015 1437 2093 nobis,
1488 2019 1559 2080 ut
1603 2018 1981 2099 generaliter
2032 2019 2167 2080 tota
2236 2015 2348 2080 illa
2415 2016 2828 2080 communitas
2875 2016 3113 2078 senciat
3157 2014 3264 2077 be-

551 2095 920 2176 nignitatem
956 2101 1151 2164 nostri
1196 2101 1472 2173 dominii,
1515 2103 1580 2166 et
1624 2105 1930 2186 quomodo
1980 2103 2358 2168 intendimus
2404 2103 2571 2185 ipsos
2615 2102 2841 2166 habere
2887 2109 2954 2165 et
2984 2103 3257 2165 tractare

549 2179 816 2248 humane
862 2185 926 2249 et
972 2188 1413 2265 favorabiliter,
1463 2191 1620 2273 qnod
1666 2191 1726 2253 in
1775 2191 1940 2256 facto
1989 2192 2272 2273 possendi
2323 2190 2582 2255 mercari
2628 2190 2694 2253 in
2741 2189 3002 2252 civitate
3057 2192 3269 2252 nostra

551 2271 615 2331 et
684 2270 977 2354 navigare
1046 2294 1154 2356 per
1223 2295 1390 2340 mare
1456 2296 1596 2340 cum
1645 2279 1844 2360 galeis
1891 2278 2137 2353 nostris,
2187 2279 2534 2342 tractentur
2580 2279 2644 2340 et
2689 2276 2951 2340 tractari
2999 2277 3266 2339 debeant

549 2373 661 2438 pro
710 2358 951 2423 civibus
998 2360 1422 2438 Veneciarum,
1472 2365 1845 2429 subiacendo
1889 2366 2173 2430 omnibus
2221 2364 2555 2440 ordinibus,
2613 2364 2836 2445 quibus
2898 2363 3023 2444 ipsi
3069 2363 3264 2426 nostri

551 2443 717 2507 cives
758 2445 1095 2525 subiacent,
1145 2453 1208 2514 et
1257 2450 1422 2514 ultra
1469 2451 1602 2527 hoc,
1651 2453 1703 2515 si
1752 2453 2065 2516 videretur
2110 2452 2290 2516 dictis
2338 2451 2645 2515 nobilibus
2691 2467 2800 2531 pro
2849 2450 3095 2513 meliori
3128 2467 3265 2512 exe-

549 2530 795 2595 cutione
840 2536 905 2596 et
948 2536 1340 2602 conclusione
1387 2557 1496 2601 sue
1544 2540 1925 2614 intentioniS,
1974 2559 2091 2622 que
2137 2541 2350 2603 nostra
2396 2543 2510 2611 est,
2558 2539 2718 2618 quod
2765 2537 2929 2617 apud
2953 2554 3059 2600 eos
3091 2536 3264 2617 quin·

550 2636 668 2700 que
712 2618 871 2685 foret
916 2621 1070 2687 utile
1114 2622 1314 2690 iacere
1365 2626 1565 2690 adhuc
1613 2629 1686 2691 de
1732 2626 1875 2690 aliis
1906 2626 2126 2691 deinde
2158 2626 2399 2691 nostros
2432 2623 2687 2700 nobiles,
2721 2627 2792 2688 ut
2825 2623 3033 2688 forent
3069 2623 3260 2705 magis

551 2706 820 2788 propitii,
895 2727 1110 2774 sumus
1185 2713 1455 2778 contenti
1532 2715 1594 2778 et
1672 2713 1875 2793 placet
1950 2714 2145 2789 nobie,
2192 2712 2351 2796 quod
2399 2713 2563 2776 istud
2609 2710 2979 2793 promittere
3031 2711 3268 2792 possint

550 2792 822 2875 quinque
864 2796 962 2859 vel
1010 2817 1114 2861 sex
1158 2818 1230 2862 ex
1276 2798 1435 2876 aliis,
1478 2805 1547 2864 nt
1587 2800 1705 2864 sibi
1754 2800 2080 2877 videbitur,
2129 2801 2291 2882 quod
2338 2797 2741 2868 concludente
2825 2800 3081 2880 negocio
3127 2815 3265 2877 pro-

550 2879 907 2947 missionem
957 2903 1063 2965 per
1109 2905 1211 2950 eos
1257 2887 1486 2951 factam
1534 2886 2014 2968 adimplebimus
2060 2907 2204 2951 cum
2253 2887 2497 2950 effectu.

760 2968 937 3034 Unde
983 2973 1397 3037 concludendo
1443 2975 1559 3037 sibi
1607 2975 1892 3049 dicimus,
1940 2970 2100 3057 quod
2148 2973 2454 3037 credimus
2500 2990 2632 3036 esse
2679 2971 2837 3034 utile
2887 2972 2954 3034 et
3013 2971 3263 3044 bouum,

548 3055 707 3135 quod
754 3073 892 3120 cum
946 3077 1069 3122 una
1114 3065 1325 3124 nostra
1373 3060 1599 3125 barcha
1644 3063 1904 3134 armata,
1956 3079 2143 3142 quam
2192 3060 2312 3124 sibi
2357 3059 2558 3141 parari
2627 3056 2950 3137 faciemus,
3009 3060 3074 3121 et
3118 3074 3263 3120 cum

551 3160 670 3205 uno
719 3145 926 3207 nostro
976 3145 1186 3222 nobili,
1237 3166 1420 3230 quem
1470 3148 1718 3212 mittere
1762 3149 2161 3223 intendimus,
2215 3149 2284 3210 nt
2329 3145 2478 3210 dicti
2528 3145 2766 3208 nobiles
2814 3144 3061 3208 videant
3108 3145 3264 3206 bene

549 3231 613 3292 et
658 3229 934 3294 senciant
980 3232 1383 3297 intentionem
1432 3236 1498 3298 et
1535 3238 1806 3298 mentem
1857 3238 2155 3309 nostram,
2204 3236 2270 3298 et
2311 3232 2580 3297 habeant
2624 3250 2663 3294 a
2707 3234 2895 3308 certo,
2941 3230 3098 3312 qnod
3128 3247 3268 3292 om-

549 3316 656 3380 nia
703 3320 1128 3400 suprascripta
1170 3321 1502 3401 procedant
1547 3321 1622 3385 de
1672 3324 1884 3385 nostra
1932 3322 2287 3397 intentione,
2354 3321 2509 3400 quod
2579 3319 2866 3382 celeriter
2921 3318 3268 3380 revertatur

547 3405 621 3466 ad
669 3421 792 3481 eoS,
842 3407 1140 3470 servando
1189 3408 1437 3471 modum
1488 3408 1841 3472 ordinatum
1884 3410 1956 3472 de
2004 3410 2198 3472 eundo
2242 3406 2319 3471 ad
2366 3405 2808 3470 monasterinm
2854 3407 2920 3468 et
2965 3401 3273 3465 mittendo

548 3507 654 3569 pro
700 3490 813 3566 eiS,
860 3510 933 3555 ac
980 3496 1193 3574 postea
1238 3494 1554 3558 referendo
1602 3494 1827 3569 omnia,
1876 3514 1993 3575 que
2039 3493 2321 3576 superius
2345 3494 2513 3556 dicta
2558 3495 2725 3567 sunt,
2775 3494 2844 3555 ut
2888 3493 3089 3573 possit
3135 3490 3271 3554 fieri

546 3575 660 3639 illa
705 3577 1075 3644 deliberatio
1123 3583 1187 3644 et
1233 3582 1610 3657 terminatio,
1658 3601 1778 3663 que
1827 3582 1913 3645 sit
1954 3581 2127 3645 utilis
2175 3583 2242 3644 et
2307 3580 2625 3643 fructuosa
2692 3579 2767 3641 ad
2830 3575 3269 3660 perfectionem

548 3662 730 3726 istius
778 3662 945 3742 facti,
995 3685 1134 3731 cum
1182 3686 1302 3748 qua
1369 3668 1751 3749 prestissime
1829 3668 1905 3732 ad
1973 3671 2246 3732 nostram
2321 3666 2696 3750 presentiam
2746 3667 3146 3738 revertantur,
3197 3665 3266 3726 et

547 3749 809 3815 habeant
857 3751 1018 3816 inter
1066 3755 1331 3818 ceteram
1383 3757 1852 3831 advertentiam,
1902 3757 2063 3837 quod
2106 3753 2398 3818 euntibus
2443 3771 2562 3817 nno
2612 3751 2704 3814 vel
2751 3751 2988 3815 duobus
3033 3769 3103 3813 ex
3136 3749 3271 3813 dic-

546 3838 629 3901 tis
674 3838 988 3903 nobilibus
1036 3841 1097 3904 iu
1148 3841 1559 3922 Hungariam,
1604 3845 1668 3906 et
1712 3861 1894 3905 casus
1941 3843 2304 3917 occurreret,
2349 3843 2490 3923 quia
2558 3859 2676 3905 non
2723 3839 2950 3920 poterit
2994 3837 3272 3900 rationa-

546 3924 759 3988 biliter
806 3924 968 3989 alter
1013 3946 1167 4003 esse,
1218 3931 1373 4010 qnod
1422 3931 1584 3992 esset
1629 3948 1879 3993 necesse
1927 3929 2196 3993 scribere
2255 3929 2331 3991 ad
2397 3929 2606 4009 partes
2670 3925 2876 4002 Jadre,
2944 3927 3007 3987 et
3054 3925 3272 4005 postea

547 4010 768 4076 deinde
817 4013 935 4077 huc
983 4013 1079 4077 vel
1129 4016 1397 4092 mittere,
1448 4015 1609 4097 quod
1671 4017 1820 4079 dent
1885 4016 2043 4080 inter
2112 4034 2177 4078 se
2240 4015 2430 4078 talem
2493 4014 2771 4077 ordinem
2841 4015 2904 4075 et
2960 4011 3273 4094 regulam,

545 4100 707 4180 quod
753 4101 907 4164 talia
953 4102 1109 4164 fiant
1153 4103 1387 4165 secrete
1431 4120 1539 4184 pro
1588 4100 1816 4166 honore
1865 4103 2131 4184 partium
2185 4104 2247 4165 et
2295 4102 2445 4165 bono
2496 4101 2669 4165 facti.

758 4203 841 4269 Et
877 4206 1021 4286 quia
1052 4224 1165 4268 non
1190 4206 1286 4268 est
1316 4205 1595 4282 dubium,
1623 4206 1782 4289 quod
1815 4204 2089 4270 faciendo
2114 4204 2407 4285 predicta,
2437 4203 2676 4268 scilicet
2700 4204 2893 4268 eundo
2918 4203 2980 4265 in
3007 4202 3273 4283 Hunga-

547 4291 727 4367 riam,
762 4291 968 4355 dictus
1002 4292 1222 4356 nobilis
1258 4293 1377 4356 erit
1404 4310 1670 4368 necesse,
1704 4293 1866 4374 quod
1894 4292 2086 4356 faciat
2108 4309 2455 4371 expensam,
2484 4309 2671 4373 quam
2705 4307 2825 4353 nou
2856 4291 3025 4353 esset
3049 4289 3272 4352 hones-

547 4379 703 4455 tum,
733 4377 893 4459 quod
923 4378 1039 4461 ipsi
1054 4380 1141 4452 ‚de
1174 4398 1284 4443 suo
1309 4380 1596 4455 facerent,
1635 4380 1766 4442 dari
1801 4379 2067 4443 debeant
2109 4378 2200 4441 illi
2237 4379 2444 4442 nostro
2477 4376 2687 4453 nobili,
2731 4394 2910 4455 quem
2945 4376 3274 4438 mittemus

546 4483 684 4527 cum
714 4464 837 4528 ista
860 4483 1138 4545 persona,
1165 4467 1419 4530 ducatos
1444 4464 1614 4543 CCC,
1651 4469 1715 4529 et
1739 4465 2142 4530 commitatur
2174 4465 2393 4535 eidem,
2426 4463 2608 4546 qnod,
2634 4462 2801 4525 sacta
2824 4461 3274 4524 deliberatione

545 4570 654 4632 per
678 4569 779 4615 eos
804 4552 876 4614 de
901 4551 1100 4616 eundo
1128 4554 1205 4615 ad
1229 4553 1371 4616 illas
1398 4557 1605 4633 partes
1638 4571 1748 4634 pro
1779 4552 2136 4616 executione
2163 4549 2594 4631 predictorum,
2620 4553 2690 4612 ut
2721 4548 3004 4630 superins
3035 4548 3275 4644 dictum

546 4640 660 4713 est,
687 4637 830 4702 dare
864 4639 953 4701 eis
987 4638 1212 4703 debeat
1243 4639 1473 4702 dictam
1508 4639 1834 4721 pecuniam
1881 4642 2056 4721 parte
2088 4640 2318 4713 nostra,
2353 4642 2417 4701 et
2462 4638 2682 4712 dicere,
2730 4634 2888 4717 quod
2929 4634 3275 4697 dominatio

548 4722 764 4787 nostra
810 4740 929 4789 non
976 4724 1263 4804 intendit,
1312 4724 1475 4808 quod
1546 4727 1893 4809 expendant
1965 4724 2042 4790 de
2110 4742 2240 4803 su0,
2288 4726 2353 4791 et
2395 4723 2546 4787 facit
2603 4722 2745 4786 illos
2807 4721 2927 4785 sibi
2974 4720 3111 4784 dari
3161 4737 3272 4802 pro
