3620 5282
522 381 649 448 170

512 557 663 637 tani,
710 559 776 625 et
814 557 1060 625 honoris
1106 562 1333 628 montis
1374 564 1571 628 sancti
1620 562 1848 648 Angeli
1894 563 2128 630 domini
2175 565 2419 630 nomine
2466 564 2531 629 et
2560 564 2692 629 vice
2727 562 2947 647 prefati
2990 560 3227 629 domini

512 645 696 731 regis,
744 666 882 712 cum
931 650 1154 731 quibus
1199 654 1334 715 erat
1370 654 1435 717 et
1471 651 1594 717 fuit
1637 671 1889 735 presens
1936 654 2221 736 egregius
2285 651 2566 718 dominus
2627 651 2943 718 Johannes
3006 651 3225 717 Domi-

511 737 635 801 nici
680 738 754 801 de
799 731 1064 802 Postoch
1108 737 1286 804 miles
1331 740 1473 805 aule
1513 740 1701 824 regie,
1749 741 1855 823 qui
1902 759 2045 806 cum
2109 741 2373 806 dominis
2442 740 2962 806 ambaxiatoribus
3022 740 3229 804 fuerat

511 823 587 888 ad
636 841 726 899 ea,
753 825 914 889 sicut
958 832 1369 907 asseruerunt,
1414 848 1519 910 per
1565 829 1795 911 regiam
1845 830 2233 895 maiestatem
2281 829 2684 895 transmissus
2731 849 2803 893 ex
2851 848 2969 894 una
3023 830 3219 911 parte,

511 913 575 976 et
642 911 874 977 nobiles
942 916 1005 978 et
1067 915 1374 997 sapientes
1443 916 1601 981 v-iros
1671 917 1947 983 dominos
2014 916 2379 983 Zachariam
2448 916 2809 996 ContarenO,
2878 916 3225 983 Johannem

512 998 850 1065 Gradonico
899 1004 963 1066 et
1019 1001 1386 1070 Michaelem
1455 1005 1822 1071 Mauroceno
1885 1008 2336 1089 procuratorem
2409 1005 2664 1071 ecclesie
2733 1007 2932 1071 sancti
2999 1005 3223 1081 Marci,

510 1087 671 1152 cives
716 1089 1137 1169 veneciarum,
1171 1092 1452 1171 sindicOS,
1516 1097 1957 1176 procuratores,
2022 1097 2277 1173 actores,
2339 1093 2781 1160 ambaxiatores
2840 1099 2904 1158 et
2976 1092 3226 1157 nuntios

511 1175 806 1258 speciales
847 1178 1065 1258 prefati
1113 1179 1311 1246 incliti
1356 1182 1586 1247 domini
1631 1182 1824 1261 duciS,
1860 1183 2254 1248 consiliorum
2303 1185 2365 1248 et
2417 1184 2762 1248 communis
2818 1180 3223 1246 veneciarum

512 1282 585 1326 ex
627 1267 802 1347 parte
850 1265 1066 1344 altera,
1115 1269 1465 1335 interventu
1512 1273 1576 1335 et
1619 1270 2035 1336 laudabilibus
2080 1272 2367 1354 operibus
2400 1270 2621 1336 excelsi
2658 1273 2722 1334 et
2753 1269 3015 1334 illustris
3053 1267 3225 1353 prin-

510 1351 664 1434 cipis
723 1352 955 1420 domini
1008 1355 1284 1434 Amedei,
1347 1359 1591 1424 comitis
1648 1359 1970 1440 Sabaudie‚
2030 1377 2189 1426 anno
2263 1359 2494 1424 domini
2570 1356 3075 1436 MCCCLXXXI,
3128 1356 3227 1421 in-

509 1438 775 1505 dictione
821 1444 1062 1525 quarta,
1109 1445 1208 1512 die
1247 1446 1409 1528 jovis
1454 1450 1667 1514 octavo
1702 1450 1932 1513 mensis
1963 1446 2210 1531 augusti
2257 1449 2529 1532 proxime
2560 1447 2860 1530 preteriti,
2906 1447 2969 1512 in
3016 1446 3222 1510 castro

512 1527 784 1606 Taurini,
831 1530 907 1594 de
951 1533 1127 1597 cuius
1173 1535 1418 1618 quidem
1487 1535 1659 1619 pacis
1722 1535 2147 1602 instrumentis
2209 1535 2599 1602 conficiendis
2659 1535 2932 1600 eiusdem
2993 1534 3225 1599 tenoris

511 1616 761 1681 fuerunt
804 1620 1004 1703 rogati
1044 1623 1271 1687 notarii
1340 1623 1733 1706 infrascripti,
1781 1624 2068 1690 videlicet
2127 1624 2441 1690 Johannes
2499 1623 2795 1708 Ravaysii
2856 1622 3223 1688 secretarius

509 1701 772 1769 illustris
820 1706 1048 1773 domini
1094 1711 1336 1776 comitis
1376 1711 1696 1792 Sabaudie‚
1744 1711 2093 1778 Anthonius
2139 1712 2213 1777 de
2283 1711 2608 1777 Credentia
2664 1710 2940 1776 notarius
3000 1710 3221 1787 Janue,

509 1792 823 1858 Bandinus
891 1796 1054 1862 filius
1116 1799 1340 1882 Angeli
1417 1801 1640 1866 notarii
1716 1801 1790 1866 de
1850 1802 2063 1866 Brazis
2133 1802 2407 1867 notarius
2469 1799 2841 1878 PaduanuS,
2907 1798 3223 1866 Galvanus

509 1880 814 1962 quondam
862 1901 961 1948 ser
1001 1886 1422 1953 Bartholomei
1468 1890 1542 1954 de
1581 1891 1784 1955 castro
1832 1888 2024 1955 Baldo
2073 1890 2350 1955 notarius
2397 1888 2710 1954 reverendi
2752 1890 2949 1972 patris
2989 1885 3222 1952 domini

509 1968 777 2053 episcopi
824 1968 1103 2055 Quinque
1152 1976 1567 2052 ecclesiarum,
1616 1976 1959 2044 Anthonius
2006 1978 2311 2061 quondam
2359 1976 2604 2044 Nicolai
2667 1976 2815 2042 olim
2879 1996 2978 2042 ser
3022 1976 3222 2042 Guar-

508 2057 670 2122 nerii
737 2059 814 2123 de
858 2059 1276 2148 Sonumbergo
1347 2065 1569 2130 notarii
1617 2065 2049 2146 Furlanorum,
2118 2070 2183 2132 et
2242 2068 2373 2132 Bon
2416 2066 2730 2131 Johannes
2799 2064 2875 2130 de
2919 2061 3220 2131 Brixariis

510 2147 786 2211 notarius
832 2148 1065 2214 ducalis
1126 2151 1559 2218 dominationis
1620 2154 2047 2234 Veneciarum,
2099 2157 2274 2220 cuius
2335 2153 2582 2237 quidem
2645 2153 2812 2236 pacis
2874 2154 3051 2218 tenor
3115 2169 3225 2234 per

509 2235 716 2301 omnia
757 2235 901 2301 talis
946 2239 1060 2316 est,
1110 2239 1392 2307 videlicet
1447 2242 1788 2308 successive
1881 2293 1895 2308 .
1990 2293 2003 2307 .
2098 2293 2114 2308 .
2204 2241 2435 2308 Idcirco
2496 2242 2767 2324 prefatus
2823 2240 3075 2306 inclitus
3112 2241 3223 2304 do-

509 2321 713 2388 minns
773 2324 894 2389 dux
934 2325 1338 2393 veneciarum
1400 2348 1523 2394 una
1588 2349 1729 2396 cum
1779 2331 2213 2416 suprascriptis
2259 2332 2388 2396 suis
2435 2349 2539 2395 sex
2583 2329 2971 2409 consiliariiS,
3017 2328 3222 2394 tribus

509 2411 814 2493 capitibus
860 2412 935 2477 de
979 2413 1091 2479 XL
1136 2418 1199 2481 et
1243 2417 1507 2500 quinque
1553 2420 1935 2503 sapientibus
1981 2419 2221 2484 consilii
2286 2438 2522 2505 guerre,
2567 2437 2708 2484 cum
2755 2418 3041 2483 omnibus
3078 2416 3222 2481 aliis

508 2497 581 2563 de
634 2498 817 2565 dictis
862 2502 1132 2568 consiliis
1207 2506 1272 2570 et
1327 2507 1442 2588 ipsi
1500 2508 1859 2586 consiliarii,
1921 2507 2124 2591 capita
2181 2510 2246 2573 et
2290 2508 2597 2591 sapientes
2642 2508 2707 2572 et
2739 2524 2948 2573 omnes
2995 2506 3061 2572 et
3092 2504 3224 2570 sin-

507 2583 639 2671 guli
684 2586 759 2652 de
821 2589 1003 2656 dictis
1066 2589 1336 2660 consiliis
1397 2596 1612 2679 sponte
1679 2598 1743 2661 et
1787 2615 1860 2663 ex
1920 2597 2088 2663 certa
2145 2595 2333 2663 animi
2382 2597 2645 2663 sciencia
2695 2597 2760 2661 et
2806 2614 2923 2662 non
2972 2612 3081 2678 per
3125 2612 3222 2659 er·

507 2693 727 2755 rorem,
776 2678 840 2743 et
883 2678 1048 2744 omni
1109 2683 1308 2762 modo,
1372 2683 1524 2761 iure,
1586 2685 1785 2750 forma
1842 2687 1905 2751 et
1967 2704 2172 2764 causa,
2234 2684 2454 2770 quibus
2497 2684 2721 2750 melius
2788 2686 2852 2749 et
2917 2681 3224 2750 efficatius

505 2764 838 2848 potuerunt
905 2769 969 2832 et
1033 2772 1312 2852 possunt,
1383 2770 1581 2854 ipsam
1643 2792 1853 2857 pacem
1909 2775 1975 2839 et
2041 2775 2525 2858 suprascriptum
2592 2772 2951 2857 capitulum,
3021 2772 3221 2854 pacta,

507 2855 955 2934 conventiones,
1003 2857 1190 2923 finem
1233 2861 1298 2924 et
1341 2860 1786 2941 remissionem,
1844 2865 1909 2928 et
1951 2863 2157 2928 omnia
2207 2864 2273 2928 et
2336 2862 2579 2944 singula
2621 2861 2685 2927 in
2730 2860 2914 2925 dictis
2962 2877 3112 2943 pace
3158 2859 3224 2924 et

507 2941 775 3024 capitulo
834 2963 942 3010 seu
1000 2945 1426 3013 instrumentis
1491 2949 1684 3033 ipsius
1744 2952 1914 3032 pacis
1975 2953 2280 3028 contenta,
2343 2951 2407 3015 in
2476 2949 2783 3034 presentia
2843 2948 3221 3032 prefatorum

507 3030 973 3097 reverendorum
1033 3036 1277 3118 patrum
1323 3037 1704 3102 dominorum
1752 3036 2032 3122 Quinque
2079 3038 2467 3104 ecclesiensis
2513 3041 2577 3103 et
2619 3037 3043 3122 Zagrabiensis
3091 3035 3223 3119 epi-

510 3134 826 3200 scoporum
886 3126 1356 3205 procuratorum
1420 3131 1483 3190 et
1542 3125 1885 3209 legatorum
1946 3126 2113 3212 regie
2152 3128 2499 3193 maiestatis
2544 3127 2879 3210 Hungarie,
2933 3125 3023 3190 ibi
3082 3144 3220 3207 pre-

509 3206 815 3285 sentium,
880 3209 1314 3292 stipulantium
1373 3215 1438 3279 et
1503 3214 1930 3297 recipientium
1998 3215 2416 3298 procuratorio
2484 3215 2726 3280 nomine
2770 3213 3005 3298 prefate
3050 3212 3220 3297 regie

508 3292 857 3360 maiestatis
917 3297 1233 3382 Hungarie
1275 3301 1350 3366 ad
1395 3301 1507 3368 hec
1565 3303 1916 3386 specialiter
1975 3305 2468 3381 constitutorum,
2532 3305 2604 3368 ut
2653 3304 2896 3368 constat
2956 3301 3218 3386 publicis

509 3381 739 3447 litteris
802 3385 985 3469 regiis
1046 3405 1268 3471 magno
1328 3388 1536 3472 sigillo
1599 3392 1945 3457 maiestatis
2004 3394 2173 3477 regie
2235 3390 2527 3475 sigillatis
2580 3391 2644 3456 in
2698 3390 3008 3475 pendenti,
3055 3387 3218 3454 datis

509 3468 683 3533 Bude
729 3471 792 3535 in
833 3472 1064 3554 palatio
1111 3476 1305 3559 regali
1353 3478 1587 3544 decima
1630 3479 1825 3544 tercia
1870 3481 2134 3546 februari
2196 3478 2696 3559 MCCCLXXXI,
2745 3498 2783 3544 a
2828 3498 2926 3544 me
2984 3477 3219 3543 notario

508 3556 899 3641 infrascripto
958 3560 1108 3627 visis
1169 3567 1233 3629 et
1277 3565 1474 3644 lectis,
1536 3567 2013 3646 ratificaverunt,
2075 3568 2502 3646 laudaverunt,
2564 3568 2962 3645 admiserunt,
3008 3584 3219 3649 appro-

508 3645 811 3712 baverunt
876 3650 941 3714 et
999 3651 1510 3720 confirmaverunt
1575 3673 1647 3721 ac
1710 3657 2229 3741 emologaverunt,
2300 3659 2484 3741 atque
2538 3658 2865 3735 ratificant‚
2931 3654 3218 3733 laudant,

507 3733 882 3814 admittunt,
952 3740 1322 3821 approbant,
1392 3745 1760 3810 confirmant
1826 3746 1894 3810 et
1959 3745 2341 3828 emologant;
2411 3744 2909 3827 prommittentes
2976 3742 3220 3809 nomine

506 3840 615 3887 suo
660 3826 724 3888 et
769 3843 1188 3893 successorum
1246 3847 1494 3896 suorum
1553 3835 1618 3897 et
1671 3834 2016 3899 communis
2063 3834 2463 3899 Veneciarum
2523 3836 2588 3897 et
2642 3831 2917 3898 fidelium
2963 3832 3026 3896 et
3071 3830 3216 3897 sub·

507 3911 774 3977 ditorum
846 3932 1094 3980 suorum
1157 3919 1589 4003 suprascriptis
1647 3921 1997 3987 reverendis
2057 3923 2337 4006 patribus
2382 3920 2649 3987 dominis
2701 3920 2978 4003 Quinque
3023 3920 3220 3985 eccle-

509 3999 695 4065 siensi
735 4003 798 4067 et
861 4004 1256 4088 Zagrabiensi
1319 4008 1637 4092 episcopis,
1699 4011 2198 4093 procuratoribus
2263 4012 2327 4076 et
2384 4010 2609 4093 legatis
2669 4008 3106 4092 suprascriptis
3150 4025 3222 4072 ac

508 4091 921 4169 procuratorio
1003 4093 1248 4160 nomine
1330 4098 1744 4180 suprascripto
1829 4100 2263 4181 stipulantibus
2332 4100 2397 4163 et
2466 4098 2924 4182 recipientibuS,
3020 4096 3213 4178 ipsam

507 4194 717 4258 pacem
765 4182 829 4244 et
871 4181 1163 4263 capitula,
1209 4190 1406 4266 pacta,
1449 4187 1878 4252 conventiones
1924 4206 1994 4253 ac
2035 4188 2429 4253 remissiones
2486 4190 2551 4252 et
2616 4185 2821 4252 omnia
2867 4187 2933 4251 et
2975 4185 3220 4269 singula

506 4264 570 4328 in
616 4264 1048 4335 instrumentis
1093 4270 1255 4336 dicte
1303 4273 1467 4354 pacis
1516 4275 1804 4340 contenta
1853 4277 2143 4359 perpetuo
2207 4277 2466 4342 firmiter
2509 4274 2829 4340 attendere
2888 4274 2952 4339 et
3009 4274 3220 4338 obser-

508 4370 649 4417 vare
695 4356 760 4418 et
803 4357 1040 4422 attendi
1088 4362 1153 4424 et
1198 4360 1511 4427 observari
1553 4362 1751 4428 facere
1797 4362 1929 4429 sine
1975 4364 2182 4446 aliqua
2227 4364 2577 4446 exceptione
2622 4363 2721 4428 vel
2774 4362 2932 4443 dolo,
2997 4363 3061 4426 et
3100 4380 3217 4425 non

507 4441 916 4509 contrafacere
966 4447 1059 4511 vel
1107 4447 1313 4512 venire
1359 4449 1570 4533 aliqua
1617 4451 1852 4516 ratione
1899 4454 1996 4517 vel
2041 4471 2242 4530 causa,
2284 4451 2467 4519 modo
2514 4453 2610 4518 vel
2644 4451 2908 4534 ingenio.
2956 4450 3216 4533 Insuper

508 4528 848 4609 prelibatus
892 4533 1176 4600 dominus
1223 4535 1346 4601 dux
1390 4555 1462 4602 ac
1508 4556 1720 4604 omnes
1767 4541 1831 4604 et
1872 4540 2100 4624 singuli
2146 4540 2222 4606 de
2271 4541 2448 4606 dictis
2478 4539 2768 4618 consiliiS,
2826 4539 3219 4622 corporaliter

509 4615 694 4680 tactis
740 4618 1083 4703 scripturis,
1132 4623 1487 4692 iuraverunt
1529 4627 1608 4692 ad
1660 4630 1874 4693 sancta
1930 4628 2027 4693 dei
2088 4629 2423 4713 evangelia,
2487 4627 2827 4712 predictam
2886 4646 3101 4711 pacem
3155 4627 3220 4689 et

509 4705 997 4790 suprascriptum
1045 4713 1384 4795 capitulum
1431 4718 1495 4780 et
1539 4716 1719 4797 pacta
1761 4718 1829 4780 et
1872 4716 2302 4783 conventiones
2351 4735 2424 4782 ac
2468 4716 2859 4783 remissiones
2905 4718 2969 4781 et
3013 4715 3217 4780 omnia

510 4791 576 4855 et
623 4791 868 4876 singula
910 4796 974 4860 in
1019 4799 1443 4867 instmmentis
1487 4803 1650 4870 dicte
1700 4803 1868 4889 pacis
1926 4807 2218 4872 contenta
2276 4806 2595 4873 attendere
2648 4806 2715 4870 et
2774 4802 3093 4870 observare
3144 4820 3216 4869 ac
