3620 5282
596 338 729 412 424

593 524 910 599 VeneciaS,
956 522 1050 587 cui
1101 521 1571 586 contrafacienti
1615 538 1735 586 non
1789 522 1988 604 possit
2033 521 2166 586 fieri
2215 522 2440 604 gratia,
2484 519 2714 586 donum
2772 522 2838 584 et
2909 520 3201 586 remissio
3252 520 3353 586 vel

593 612 897 677 revocatio
943 610 1058 673 sub
1107 629 1261 690 pena
1305 610 1613 673 librarum
1689 609 2292 692 quinquagentarum
2375 627 2483 691 pro
2560 608 2843 691 quolibet
2920 614 3192 690 ponente
3245 608 3345 673 vel

594 700 972 764 consetiente
1019 703 1262 778 partem
1311 698 1372 761 in
1420 697 1823 775 contrarium,
1874 698 1950 761 de
1997 716 2118 779 qua
2196 716 2355 779 pena
2433 696 2729 761 similiter
2775 715 2897 761 non
2949 698 3150 779 possit
3197 697 3341 761 fieri

591 788 795 870 gratia
842 788 959 850 etc.
1009 785 1121 847 sub
1170 804 1327 868 pena
1375 785 1670 867 predicta,
1721 789 1785 848 et
1830 784 1920 848 sic
1968 803 2161 867 usque
2208 784 2272 849 in
2326 785 2661 850 infinitum.
2720 784 2805 848 Et
2850 783 2957 867 qui
3002 786 3339 850 accusaret

585 876 857 958 aliquem
908 872 1476 951 contrafacientem,
1528 873 1634 955 qui
1683 872 1951 937 venisset
1999 874 2097 937 vel
2137 871 2297 937 foret
2338 871 2661 950 VeneciaS‚
2710 891 2884 955 pena,
2932 872 2995 936 in
3061 891 3189 954 qua
3233 871 3338 935 in·

588 963 902 1032 currisset,
952 960 1263 1024 dividatur
1309 981 1416 1044 per
1458 960 1748 1033 medium,
1796 959 2001 1025 silicet
2047 958 2350 1025 medietas
2398 958 2484 1024 sit
2518 959 2898 1025 accusatoris
2946 962 3013 1024 et
3056 960 3186 1023 alia
3217 958 3335 1024 de-

588 1049 797 1114 veniat
844 1051 906 1111 in
955 1050 1240 1112 nostrum
1287 1066 1634 1113 commune.
1684 1047 1769 1111 Et
1816 1048 1892 1111 ad
1941 1046 2211 1112 similem
2266 1066 2484 1130 penam
2533 1049 2758 1112 cadant
2803 1046 3066 1129 predicti
3114 1047 3335 1131 Ragn-

586 1136 729 1215 sini,
778 1137 828 1201 si
878 1154 943 1199 se
992 1135 1358 1201 reducerent
1405 1138 1482 1201 ad
1529 1138 1731 1200 terras
1776 1153 1814 1199 a
1860 1135 2061 1200 Grado
2131 1136 2208 1199 ad
2283 1139 2467 1218 caput
2512 1133 2780 1218 Aggeris
2829 1153 2935 1216 pro
2984 1135 3212 1199 stando
3265 1137 3331 1200 in

586 1224 736 1296 illis,
784 1225 837 1288 si
886 1222 973 1287 eis
1021 1222 1180 1287 soret
1225 1225 1462 1300 notum,
1513 1225 1575 1287 et
1640 1223 1792 1287 tunc
1839 1242 1996 1305 pena
2060 1222 2377 1287 dividatur
2423 1230 2532 1306 per
2578 1223 2871 1299 medium,
2919 1223 3129 1288 silicet
3195 1242 3336 1287 me·

582 1311 785 1376 dietas
833 1312 919 1375 sit
965 1311 1221 1376 rectoris
1269 1316 1331 1376 et
1373 1312 1499 1375 alia
1548 1310 1744 1375 nostri
1792 1312 2159 1375 communis.
2211 1312 2291 1375 Et
2322 1312 2373 1375 si
2408 1310 2593 1375 fuerit
2623 1314 2965 1385 accusator.
3000 1311 3334 1375 dividatur

583 1419 691 1482 per
739 1399 1020 1478 tercium,
1070 1399 1278 1464 silicet
1324 1418 1443 1463 una
1485 1418 1628 1482 pars
1671 1401 1948 1476 rectoris,
1999 1399 2197 1463 altera
2242 1399 2615 1464 accusatoris
2663 1399 2728 1461 et
2774 1399 2964 1462 tercia
3028 1399 3333 1463 deveniat

587 1490 649 1551 in
697 1491 995 1551 nostrum·
1031 1505 1373 1552 commune.
1423 1487 1506 1551 Et
1546 1485 1620 1551 de
1662 1487 1957 1569 predictis
2006 1504 2122 1551 nou
2171 1486 2368 1569 possit
2414 1486 2547 1550 fieri
2594 1486 2803 1569 gratia
2850 1488 2920 1550 ut
2966 1505 3175 1567 supra.
3246 1487 3338 1550 Et

589 1576 820 1640 tociens
867 1574 1049 1640 cadat
1117 1576 1373 1658 quisque
1444 1573 1917 1650 contrafacienS,
1966 1574 2253 1656 quociens
2300 1593 2409 1657 per
2443 1592 2583 1638 eum
2619 1572 2809 1638 fuerit
2840 1572 3334 1651 contrafactum,

584 1665 647 1728 et
696 1662 926 1727 iterum
978 1662 1342 1743 expellatur.
1421 1660 1504 1727 Et
1547 1663 1728 1728 duret
1796 1681 2048 1744 presens
2120 1679 2263 1745 pars
2311 1662 2388 1726 ad
2438 1661 2896 1745 beneplacitum
2946 1660 3212 1725 dominii
3260 1664 3333 1725 et

584 1751 767 1816 istius
815 1750 1080 1815 consilii.

669 1859 851 1919 Misti
902 1858 1101 1920 XLV.
1147 1860 1248 1937 11,
1296 1876 1343 1918 u
1376 1858 1532 1920 παίει.
1582 1858 1820 1921 arkivu.

804 2047 1413 2169 DLXXXVII.
1470 2045 1671 2129 God.
1729 2047 1968 2130 1400.
2025 2049 2124 2130 14
2178 2048 2545 2149 svibnja‚
2601 2070 2660 2129 u
2719 2047 3114 2130 Mletcih.

582 2193 878 2254 Mletcani
916 2192 1247 2264 dopusdnju
1292 2190 1684 2264 Spb'ecanom,
1731 2191 1812 2249 da
1858 2189 1994 2251 dria
2038 2208 2123 2249 na
2169 2208 2339 2249 mora
2385 2190 2643 2250 cruiane
2687 2191 2934 2250 brodove
2972 2208 3056 2249 na
3086 2192 3332 2250 obt-anu

584 2282 774 2354 svojih
822 2286 1114 2357 tryovaca,
1163 2284 1217 2339 te
1260 2297 1344 2338 na
1389 2280 1583 2339 molbu
1628 2279 1771 2338 istil»
1797 2278 2142 2427 jegalgzicgm
2184 2279 2536 2353 posrieduju
2582 2280 2697 2355 mir
2723 2279 2922 2351 medju
2967 2278 3260 2351 Spbjetom
3313 2281 3335 2338 ἱ

799 2470 988 2533 1400.
1039 2470 1374 2533 indictione
1422 2469 1591 2547 VIII,
1642 2468 1738 2532 die
1783 2469 1936 2533 XIV
1985 2468 2157 2534 maii.
2232 2468 2516 2553 Sapietes
2587 2469 2830 2534 consilii
2901 2471 2965 2533 et
3012 2469 3327 2534 ordinum.

588 2558 815 2641 Capta:
866 2558 1027 2640 quod
1078 2555 1519 2638 respondeatur
1589 2556 1880 2639 regimini
1947 2556 2224 2622 civitatis
2296 2558 2534 2638 Spaleti
2602 2558 2664 2621 iu
2713 2556 2830 2621 hac
2878 2556 3102 2635 forma,
3154 2557 3329 2620 vide·

590 2648 779 2711 licet.
824 2667 970 2730 per
983 2648 1226 2711 litteras
1277 2644 1499 2708 nobilis
1540 2646 1657 2710 viri
1691 2645 1946 2709 Andree
1993 2647 2154 2709 Zane
2204 2646 2646 2729 vicecapitanei
2710 2647 3078 2711 nostrarum
3153 2646 3329 2728 gale·

587 2754 765 2800 arum
813 2735 955 2799 culfi
1004 2732 1324 2798 informati
1370 2731 1600 2797 fuimus
1647 2731 1723 2796 de
1770 2733 2142 2816 brigantino
2188 2738 2249 2796 et
2317 2735 2497 2816 galea
2570 2736 2800 2811 vestra,
2870 2752 3023 2815 quos
3094 2733 3327 2797 tenetis

589 2828 862 2887 armatos
910 2841 1017 2905 pro
1065 2820 1442 2885 defendendo
1490 2822 1554 2884 et
1600 2821 2010 2885 assecurando
2058 2822 2317 2904 navigia,
2370 2821 2433 2884 in
2475 2822 2701 2921 quibus
2736 2823 2884 2885 sunt
2918 2822 3332 2885 mercimonia

588 2914 813 2987 vestra,
864 2912 935 2973 de
972 2908 1215 2973 barchis
1259 2909 1641 2972 exiticiorum
1693 2907 2168 2990 Spalatensium,
2217 2909 2281 2974 et
2327 2910 2398 2972 de
2444 2909 2689 2992 navigio
2739 2907 3326 2973 Anchonitanorum

590 3000 770 3080 capto
841 3016 949 3081 per
1024 2996 1260 3060 dictum
1329 2998 1602 3060 vestrum
1652 2994 2075 3080 brigantinum
2124 2995 2254 3060 sive
2299 2996 2564 3079 galeam,
2615 2997 2876 3061 liberato
2926 3015 3031 3077 per
3075 2995 3324 3059 dictum

595 3089 875 3150 nostrum
922 3084 1471 3167 v'icecapitaneum,
1518 3102 1591 3148 ac
1639 3084 1712 3147 de
1761 3084 2167 3167 promissione
2215 3103 2324 3167 per
2372 3102 2477 3148 vos
2549 3083 2717 3148 facta
2785 3084 2953 3147 dicto
3019 3085 3329 3164 vicecapi-

590 3177 769 3237 taneo
818 3175 958 3251 etc.,
1003 3191 1118 3255 que
1166 3171 1414 3255 quidem
1465 3189 1572 3252 per
1617 3171 1797 3235 binas
1844 3172 2089 3235 litteras
2139 3174 2374 3236 vestras
2422 3171 2750 3236 distinxius
2800 3171 3224 3236 intelleximus
3261 3174 3332 3235 et

592 3262 941 3343 presertim,
991 3259 1150 3343 quod
1200 3260 1414 3342 petitis
1466 3277 1573 3340 per
1621 3277 1727 3323 nos
1768 3258 2038 3336 concedi,
2088 3259 2250 3340 quod
2298 3262 2574 3323 armatos
2622 3263 2830 3323 tenere
2894 3259 3141 3341 possitis
3189 3258 3338 3323 dic-

590 3351 724 3413 tum
774 3349 1223 3430 brigantinum,
1275 3346 1518 3429 galeam
1564 3348 1627 3410 et
1674 3347 1932 3412 barchas
1981 3350 2216 3411 vestras
2264 3364 2375 3429 pro
2425 3345 2775 3411 defensione
2839 3350 2904 3409 et
2947 3346 3329 3410 assecurati-

592 3456 704 3500 one
754 3436 1297 3499 mercimoniorum
1343 3437 1685 3498 vestrorum
1731 3435 1808 3498 ab
1843 3434 2084 3498 exiticis
2132 3433 2627 3516 SpalateusibuS‚
2676 3441 2738 3498 et
2782 3434 2938 3517 quod
2965 3432 3141 3498 nobis
3188 3435 3333 3516 pla-

592 3526 730 3587 ceat
775 3523 974 3587 facere
1022 3521 1385 3586 annichilari
1439 3521 1669 3586 dictam
1717 3523 2180 3603 promissionem
2231 3524 2293 3585 et
2340 3522 2809 3606 obligationem,
2880 3540 3065 3604 quam
3131 3520 3326 3585 fecis-

594 3611 697 3690 tis,
745 3613 811 3674 et
855 3612 1147 3674 mandare
1194 3609 1513 3691 capitaneo
1559 3613 1622 3672 et
1666 3610 1808 3673 aliis
1856 3609 2306 3692 presidentibus
2355 3611 2553 3691 galeis
2601 3610 2849 3685 nostriS,
2884 3610 3041 3691 quod
3075 3608 3326 3674 dictum

594 3699 1035 3781 brigantinum,
1081 3698 1326 3780 galeam
1393 3700 1458 3761 et
1527 3696 1791 3761 barchas
1863 3700 2097 3761 vestras
2166 3697 2439 3761 habeant
2507 3697 2969 3770 recommissas;
3046 3697 3333 3778 insuper,

595 3787 754 3870 quod
801 3786 997 3850 iustas
1039 3785 1417 3867 represaleas
1460 3784 1705 3849 habetis
1753 3785 1970 3849 contra
2015 3785 2520 3849 communitatem
2592 3783 2886 3849 Anchone
2951 3783 3029 3847 ob
3094 3785 3332 3849 damna

601 3875 775 3939 vobis
826 3873 1022 3951 illata,
1073 3875 1145 3936 de
1179 3872 1403 3955 quibus
1450 3871 1814 3937 differentiis
1861 3871 2159 3949 videmus,
2209 3873 2479 3936 contenti
2528 3874 2690 3937 stare
2736 3872 2961 3936 iudicio
3008 3875 3076 3936 et
3125 3872 3332 3937 inter-

600 3960 891 4045 positioni
937 3961 1143 4025 nostre
1190 3963 1307 4024 etc.
1357 3959 1453 4023 Ad
1502 3979 1620 4042 que
1668 3960 2129 4041 respondemuS,
2181 3960 2341 4043 quod
2387 3979 2497 4024 nos
2545 3979 2661 4025 non
2710 3961 3016 4025 modicum
3053 3960 3232 4025 tedet
3267 3965 3338 4024 et

596 4052 832 4133 gravat,
882 4048 1040 4132 quod
1090 4048 1403 4116 intervos
1450 4049 1515 4111 et
1561 4047 1705 4111 illos
1753 4046 2029 4112 exiticios
2082 4047 2539 4129 Spalatinenses
2587 4050 2671 4112 sit
2723 4047 2933 4131 aliqua
2980 4046 3330 4126 discordia,

598 4137 931 4201 inimicicia
974 4136 1073 4200 vel
1116 4134 1371 4216 novitas,
1422 4136 1567 4216 quia
1613 4137 1773 4198 teste
1820 4135 1932 4198 deo
1979 4135 2280 4199 vellemus
2327 4138 2390 4200 et
2438 4136 2709 4217 placeret
2754 4134 2950 4211 nobiS,
2986 4135 3156 4216 quod
3190 4155 3331 4200 om-

599 4244 708 4290 nes
755 4242 862 4290 vos
909 4219 1370 4306 Spalatinenses
1417 4222 1709 4287 viveretis
1757 4221 2001 4286 infimul
2047 4221 2470 4288 fraternaliter
2516 4227 2581 4287 et
2640 4221 3084 4302 amicabiliter,
3117 4227 3191 4287 ut
3237 4224 3338 4287 fa·

600 4332 733 4377 cere
780 4312 1123 4389 deberetis;
1172 4312 1274 4374 sed
1322 4313 1649 4392 postquam
1696 4309 1786 4374 sic
1834 4330 1931 4373 res
1977 4329 2042 4374 se
2087 4310 2337 4390 habent,
2386 4313 2450 4376 et
2494 4330 2599 4375 vos
2647 4310 2945 4389 asseritis,
3016 4311 3177 4393 quod
3228 4331 3334 4375 ar-

600 4400 819 4464 mastis
871 4399 1098 4463 dictam
1149 4398 1396 4480 galeam
1441 4399 1568 4462 sive
1630 4397 2055 4480 brigantinum
2102 4401 2167 4463 et
2237 4398 2493 4464 barchas
2539 4399 2922 4463 solummodo
2991 4399 3068 4462 ad
3116 4399 3339 4464 defen-

600 4487 832 4552 sionem
883 4488 947 4551 et
991 4485 1498 4550 assicurationem
1544 4486 2081 4549 mercimoniorum
2125 4489 2469 4552 vestrorum
2516 4487 2594 4551 ab
2640 4485 2882 4551 exiticis
2930 4483 3338 4568 Spalatinen-

601 4575 774 4638 sibus
821 4576 885 4638 et
933 4592 1047 4637 non
1097 4589 1206 4656 pro
1254 4572 1702 4637 damnificando
1789 4574 1886 4639 vel
1961 4572 2317 4638 offendendo
2395 4592 2761 4657 quemquam
2841 4574 3056 4650 aliurn,
3106 4594 3335 4639 sumus

603 4661 876 4726 contenti
925 4661 985 4724 in
1035 4659 1548 4743 complacentiam
1597 4661 1896 4739 vestram,
1944 4660 2104 4743 quod
2155 4661 2481 4743 promissio
2528 4681 2635 4743 per
2681 4678 2788 4726 nos
2834 4660 3002 4726 facta
3051 4661 3138 4725 sit
3193 4680 3333 4726 cas-

603 4750 743 4813 sata
791 4749 854 4813 et
899 4748 1226 4827 amullata,
1275 4767 1345 4814 ac
1385 4748 1572 4815 etiam
1622 4748 1918 4814 mandare
1964 4748 2283 4834 capitaneo
2328 4752 2393 4815 et
2460 4750 2600 4814 aliis
2669 4748 3128 4834 president-ibus
3192 4768 3341 4816 nos·
