3620 5282
3011 332 3140 396 389

421 499 705 576 habendi,
756 498 1026 577 tenendi,
1076 499 1336 578 fruendi,
1383 501 1763 583 disponendi,
1831 503 2089 567 donandi
2140 506 2203 568 et
2247 523 2457 568 omnes
2507 506 2929 586 provenientes
2999 508 3138 573 red-

412 587 579 651 ditus
627 586 963 670 recipiendi
1010 606 1149 652 cum
1199 589 1366 652 omni
1415 589 1667 654 rationis
1708 591 2075 674 integritate
2122 590 2198 655 ad
2225 591 2713 675 suprascriptum
2762 596 3172 660 comitatum¹

412 674 768 756 spectantis,
822 674 1113 740 videlicet
1158 679 1221 740 et
1266 694 1404 740 cum
1454 677 1771 741 nominata
1834 678 2094 743 collecta
2140 681 2204 742 et
2268 698 2406 743 cum
2473 679 2748 761 predicta
2813 680 3015 747 insula
3060 682 3133 746 de

415 761 699 827 Perdichi
748 765 812 826 et
856 779 995 826 cum
1045 763 1344 828 universis
1392 764 1734 829 rationibus
1765 765 2095 830 comitatus
2122 765 2424 844 iamdicti,
2479 769 2543 831 et
2578 767 2651 831 de
2698 770 3131 851 suprascriptis

413 849 779 927 redditibuS,
830 849 1116 932 quicquid
1166 853 1371 916 nostre
1420 851 1757 917 voluntatis
1818 852 2042 930 fuerit,
2108 851 2456 917 faciendum
2527 873 2718 936 usque
2766 856 2912 919 dum
2961 856 3128 921 vixe-

414 937 607 1002 rimus
654 937 1027 1001 alterutrum
1079 938 1544 1003 succedentibus
1591 940 1829 1022 regalia
1863 943 2062 1004 vestra
2114 941 2174 1005 in
2223 944 2424 1005 totum
2457 942 2521 1005 et
2551 960 2659 1023 per
2690 943 2900 1006 omnia
2934 943 3130 1023 salva,

415 1026 666 1107 propter
711 1044 827 1106 que
875 1043 981 1089 nos
1028 1024 1394 1091 comitatum
1428 1028 1631 1109 ipsum
1683 1047 1912 1110 regere,
1964 1047 2344 1104 conservare,
2394 1031 2766 1094 nanutenere
2812 1033 2877 1094 et
2923 1031 3133 1095 defen-

412 1130 549 1176 sare
596 1112 890 1177 debemus
937 1114 1013 1176 ad
1062 1115 1336 1178 vestrum
1383 1117 1447 1178 et
1491 1117 1837 1179 communis
1863 1114 2274 1181 veneciarum
2299 1116 2588 1180 honorem
2633 1120 2695 1179 et
2739 1117 2936 1199 ipsius
2968 1122 3130 1184 terre

413 1198 755 1266 utilitatem
803 1199 1138 1265 secundum
1186 1202 1689 1266 consuetudinem
1740 1203 1963 1267 bonam
2033 1203 2110 1267 ab
2157 1203 2461 1280 omnibuS,
2512 1202 2803 1268 videlicet
2845 1205 3130 1271 hostibus

412 1291 474 1351 et
520 1287 831 1351 communi
879 1290 1063 1370 gente
1111 1289 1242 1353 sine
1290 1292 1496 1353 vestro
1547 1293 2016 1373 vestrorumque
2062 1309 2483 1355 successorum
2527 1293 2593 1354 et
2634 1293 2976 1356 communis
3009 1295 3135 1359 Ve-

416 1376 727 1439 neciarum
777 1374 1103 1454 adiutorio,
1151 1376 1421 1458 exceptis
1468 1379 1777 1442 coronatis
1808 1378 2085 1461 personis
2131 1381 2195 1442 et
2235 1397 2443 1443 eorum
2478 1378 2748 1442 exercitu
2778 1380 3129 1460 manifesto,

416 1464 548 1527 sine
591 1463 756 1526 omni
804 1463 1015 1528 fraude
1062 1464 1126 1527 et
1163 1464 1407 1547 ingenio
1454 1464 1637 1529 malo.
1677 1466 1758 1529 Et
1803 1465 2095 1530 debemus
2142 1467 2463 1529 annuatim
2508 1465 2676 1529 omni
2727 1466 2884 1530 festo
2930 1468 3130 1533 sancti

413 1550 737 1615 Michaelis
785 1550 1095 1615 communi
1144 1554 1349 1615 vestro
1398 1552 1744 1634 persolvere
1795 1553 2085 1617 bizantini
2117 1553 2250 1617 auri
2277 1555 2628 1617 romanatos
2664 1552 2853 1618 bonos
2887 1558 3128 1619 veteres

410 1640 718 1702 trecentos
765 1639 1226 1721 quinquaginta,
1276 1658 1424 1721 quos
1488 1640 1714 1703 habere
1776 1640 2015 1704 debetis
2064 1658 2168 1704 vos
2216 1639 2460 1704 domine
2522 1640 2786 1706 Henrice
2836 1642 3125 1708 Dandulo

411 1724 508 1789 dei
555 1724 759 1808 gratia
808 1725 1019 1791 inclite
1067 1726 1490 1805 Veneciarum,
1558 1727 1877 1792 Dalmacie
1940 1730 2125 1810 atque
2172 1726 2464 1792 Chroacie
2532 1726 2651 1791 dux
2714 1747 2821 1810 per
2884 1732 3124 1794 cartam

414 1814 854 1889 concessioniS,
925 1833 1109 1896 quam
1176 1814 1315 1878 inde
1363 1814 1539 1878 nobis
1606 1815 2094 1897 suprascriptum
2163 1833 2486 1879 commune
2556 1815 2724 1879 fecit.
2804 1817 3120 1881 Debemus

415 1918 655 1983 quoque
702 1901 955 1966 nuncios
1006 1904 1241 1966 vestros
1287 1920 1498 1965 omnes
1544 1903 1875 1968 honorifice
1927 1902 2215 1985 recipere,
2264 1903 2534 1966 tractare
2579 1905 2645 1967 et
2690 1901 3015 1981 deducere,
3063 1904 3129 1969 et

412 1990 625 2071 galeas
680 1988 972 2053 similiter
1034 1991 1289 2053 vestras,
1363 1987 1491 2053 Nec
1556 1989 1851 2054 debemus
1917 1990 2347 2074 compagniam
2407 1990 2502 2054 vel
2558 1990 2920 2055 societatem
2986 2009 3127 2056 cum

413 2077 540 2140 ullo
585 2075 809 2140 habere
856 2076 1190 2140 cursalium
1241 2076 1336 2141 vel
1379 2077 1664 2150 aliorum,
1713 2077 1818 2159 qni
1864 2081 2073 2141 essent
2118 2076 2432 2143 manifesti
2468 2078 2764 2158 predones
2796 2096 2903 2142 seu
2943 2079 3130 2143 drau-

415 2163 678 2239 batoreS,
726 2164 827 2246 qui
878 2164 1155 2228 homines
1201 2163 1498 2228 Venecias
1557 2164 1952 2242 offenderent,
2004 2166 2100 2229 vel
2146 2164 2297 2230 alios
2343 2164 2422 2227 ad
2471 2165 2767 2230 Venecias
2813 2164 3128 2230 venientes

418 2254 527 2315 aut
570 2252 891 2315 redeuntes
936 2252 1015 2315 ab
1063 2270 1170 2326 ea3
1234 2270 1346 2316 nec
1389 2251 1682 2316 debemus
1730 2271 1834 2316 eos
1882 2252 2170 2334 recipere,
2234 2271 2344 2317 nec
2406 2252 2695 2316 fiduciam
2757 2252 2854 2317 vel
2900 2252 3129 2318 securi-

418 2342 613 2404 tatem
660 2339 936 2421 aliquam
985 2340 1073 2403 eis
1120 2341 1397 2422 prestare
1445 2358 1553 2404 nec
1607 2340 1935 2404 consilium
2000 2358 2193 2424 neque
2258 2339 2554 2403 auxilium
2615 2339 2701 2404 eis
2750 2338 3126 2423 impendere,

416 2447 526 2491 nec
574 2426 636 2490 in
683 2426 891 2510 aliquo
955 2427 1298 2491 necessaria
1360 2426 1751 2503 ministrare,
1820 2445 1928 2491 nec
1974 2427 2208 2510 aliquid
2273 2428 2493 2491 horum
2556 2445 2662 2508 per
2709 2428 2907 2492 ullum
2950 2426 3126 2511 inge-

415 2514 588 2578 nium
636 2515 769 2578 fieri
815 2514 1034 2593 facere,
1083 2534 1198 2597 que
1246 2515 1455 2578 omnia
1499 2514 1855 2597 supradicta
1903 2515 2355 2599 suprascriptus
2416 2516 2906 2598 consanguineus
2954 2533 3127 2580 meus

411 2602 725 2668 Johannes
774 2605 838 2667 et
880 2620 990 2685 ego
1039 2601 1240 2668 Guido
1282 2601 1448 2667 filius
1497 2603 1752 2667 condam
1802 2602 2226 2668 Bartholomei
2273 2602 2466 2685 Vegle
2527 2603 2776 2668 comitis
2838 2604 2899 2667 in
2965 2604 3126 2667 inte·

413 2709 591 2774 grum
640 2691 965 2755 observare
1013 2690 1306 2755 debemus
1355 2709 1545 2773 usque
1587 2690 1664 2754 ad
1712 2708 1955 2755 menses
2007 2693 2153 2768 treS,
2202 2709 2275 2755 ex
2322 2708 2440 2772 quo
2487 2690 2690 2755 dictus
2724 2692 2915 2756 frater
2951 2710 3124 2755 meus

409 2779 715 2843 Henricus
761 2778 931 2860 prius
969 2778 1204 2843 venerit
1248 2777 1325 2842 ad
1372 2780 1622 2856 etatem,
1687 2779 1847 2842 infra
1908 2779 2065 2860 quod
2128 2777 2405 2861 spacium
2455 2778 2645 2841 trium
2712 2779 3017 2843 mensium
3066 2778 3120 2842 si

409 2867 538 2948 ipse
587 2868 645 2930 in
695 2885 835 2930 enm
884 2865 1157 2941 modum,
1208 2884 1327 2948 quo
1371 2884 1479 2947 per
1524 2865 1683 2930 hanc
1731 2864 2153 2948 promissionis
2212 2864 2516 2929 cartulam
2581 2865 2751 2929 vobis
2798 2868 2859 2929 et
2907 2884 3122 2947 supra-

410 2953 636 3034 scripto
683 2956 994 3018 communi
1044 2973 1181 3018 sum
1227 2952 1539 3037 obligatus
1587 2972 1695 3035 pro
1741 2971 1853 3017 sua
1898 2953 2071 3034 parte
2134 2951 2325 3016 simili
2366 2952 2427 3015 in
2476 2951 2893 3034 suprascripto
2955 2970 3128 3016 oom-

413 3042 585 3104 muni
626 3059 690 3103 se
736 3041 1104 3125 obligaverit
1147 3059 1253 3123 pro
1281 3042 1580 3106 comitatu
1626 3040 1941 3106 iamdicto
1967 3039 2222 3104 comiter
2268 3041 2331 3103 et
2379 3040 2680 3122 equaliter
2726 3039 2790 3104 in
2834 3039 3121 3104 omnibus

410 3129 668 3193 comites
716 3149 848 3194 esse
897 3131 1208 3204 debemuS,
1258 3133 1322 3193 et
1367 3129 1444 3193 ab
1492 3129 1631 3193 inde
1680 3147 1796 3192 non
1843 3127 2033 3193 debeo
2081 3126 2275 3191 teneri
2322 3125 2397 3191 de
2459 3128 2768 3191 solucione
2815 3127 3124 3210 predicto-

411 3234 548 3280 rum
594 3217 1046 3282 bizantinorum
1095 3217 1213 3281 nisi
1262 3217 1323 3280 in
1370 3219 1669 3299 quantum
1712 3216 1865 3281 mihi
1915 3235 2021 3296 pro
2067 3234 2205 3280 mea
2253 3216 2424 3296 parte
2471 3214 2808 3279 advenerit.
2874 3213 2940 3280 Si
2984 3233 3124 3280 vero

413 3303 573 3369 infra
616 3306 852 3370 dictum
901 3305 1177 3386 spacium
1226 3305 1412 3367 trium
1464 3303 1769 3368 mensium
1820 3321 1955 3381 non,
2001 3302 2160 3385 quod
2194 3305 2290 3366 est
2335 3301 2758 3384 supradictum
2807 3322 2914 3385 per
2960 3321 3122 3381 eum,

414 3412 521 3458 nos
569 3392 859 3459 videlicet
903 3393 1363 3473 suprascriptus
1410 3391 1724 3456 Johannes
1778 3393 1842 3455 et
1886 3409 1999 3473 ego
2047 3390 2164 3455 soli
2219 3390 2476 3454 comites
2523 3408 2657 3454 esse
2699 3389 3015 3467 debemus,
3064 3393 3127 3453 et

415 3482 531 3546 soli
571 3481 873 3564 equaliter
917 3481 1123 3545 omnia
1170 3479 1483 3556 debemuS,
1527 3498 1644 3560 que
1691 3478 2112 3560 suprascripta
2152 3480 2313 3552 sunt,
2363 3478 2709 3542 observare.
2785 3476 2851 3543 Si
2891 3479 3121 3555 autem,

415 3570 572 3651 quod
620 3568 684 3632 in
732 3567 963 3632 domini
1006 3568 1315 3650 potestate
1362 3567 1667 3643 consistit,
1714 3584 1823 3629 nos
1869 3566 2037 3629 obire
2085 3556 2338 3653 (contin)
2387 3565 2550 3647 gerit
2595 3566 2741 3629 ante
2786 3582 2973 3647 quam
3025 3583 3128 3628 su-

410 3656 802 3739 prascriptus
849 3654 1039 3719 frater
1088 3673 1260 3719 meus
1308 3653 1612 3718 Henricus
1661 3653 1735 3718 ad
1784 3655 2018 3716 etatem
2051 3654 2383 3717 seeundum
2417 3653 2693 3717 ordinem
2740 3650 3124 3733 suprascrip-

414 3747 550 3808 tum
597 3745 851 3821 veniret,
900 3744 965 3807 et
1008 3761 1118 3825 per
1163 3761 1307 3806 eum
1356 3741 1583 3819 omnia,
1632 3759 1746 3822 que
1808 3739 2226 3822 suprascripta
2274 3741 2439 3817 sunt,
2506 3739 2735 3803 fuerint
2781 3738 3123 3814 observata,

417 3832 549 3915 ipse
598 3849 805 3896 comes
852 3850 985 3895 esse
1031 3830 1216 3895 debet
1258 3829 1323 3894 in
1369 3829 1651 3895 omnibus
1706 3827 1986 3910 superius
2035 3827 2386 3901 nominatis,
2437 3825 2902 3907 promissionem
2951 3824 3126 3889 vobis

414 3919 646 3984 faciens
693 3919 923 3984 serdati
959 3917 1333 4004 (secundum)
1359 3916 1632 3983 ordinem
1660 3916 2022 3989 comitatus,
2066 3917 2129 3979 et
2176 3915 2228 3978 si
2260 3932 2378 3979 non
2406 3916 2494 3978 ita
2521 3913 2988 3978 conservaretur
3019 3930 3127 3993 per

415 4007 620 4073 omnia
666 4007 1019 4086 comitatus,
1066 4007 1197 4089 ipse
1245 4006 1305 4068 in
1353 4023 1460 4069 vos
1506 4007 1571 4068 et
1616 4022 1940 4068 commune
1983 4002 2382 4067 Veneciarum
2432 4021 2573 4066 cum
2622 3999 2909 4064 omnibns
2941 4017 3128 4080 supra

415 4094 726 4160 concessis
773 4094 974 4159 redire
1021 4094 1207 4159 debet
1252 4113 1394 4158 cum
1441 4092 1605 4157 omni
1653 4089 2033 4172 plenitudine
2081 4090 2334 4153 rationis
2381 4088 2459 4152 ad
2507 4086 2856 4153 faciendum
2889 4087 2964 4150 de
2994 4105 3127 4151 om-

414 4182 616 4259 nibuS,
663 4182 951 4266 quicquid
1015 4183 1220 4247 vestre
1268 4180 1453 4245 fuerit
1514 4177 1889 4251 voluntatiS‚
1961 4178 2026 4240 et
2086 4178 2218 4259 ipse
2280 4177 2528 4257 insuper
2576 4175 2749 4239 vobis
2793 4177 2858 4239 et
2904 4192 3127 4256 supra-

411 4266 647 4351 scripto
688 4270 1000 4336 communi
1047 4270 1521 4352 quinquagintas
1569 4284 1808 4329 marcas
1875 4265 2116 4346 argenti
2156 4264 2380 4328 debeat
2442 4262 2784 4327 emendare.
2857 4260 2986 4327 Nec
3032 4263 3129 4326 est

410 4358 1011 4442 pretermittendum,
1060 4356 1218 4441 quod
1264 4374 1374 4440 pro
1421 4373 1630 4420 eorum
1681 4354 1847 4416 omni
1881 4353 2324 4426 observatione,
2373 4370 2489 4434 que
2515 4352 2661 4414 sunt
2702 4350 2981 4432 superius
3017 4369 3125 4432 per

411 4447 687 4516 ordinem
734 4446 1193 4530 comprehensa,
1242 4464 1399 4509 unus
1448 4447 1654 4507 noster
1699 4459 1944 4521 semper
2008 4440 2186 4504 obses
2232 4440 2295 4502 in
2342 4438 2624 4503 Veneciis
2689 4439 2855 4501 stare
2920 4437 3124 4514 debet,

412 4536 522 4600 ant
567 4534 643 4600 de
692 4534 1051 4617 propinquis
1099 4530 1592 4616 proximioribuS,
1641 4547 1791 4613 quos
1826 4529 2144 4601 habemuS‚
2197 4527 2312 4591 nisi
2345 4527 2546 4589 vestro
2587 4542 3125 4606 successorumque

413 4624 760 4688 vestrorum
807 4621 993 4686 verbo
1035 4625 1366 4685 remaneat.
1430 4617 1560 4697 Que
1608 4618 1815 4681 omnia
1871 4614 2225 4697 supradicta
2292 4632 2405 4695 ego
2468 4613 2922 4694 suprascriptus
2968 4611 3127 4675 Vido

415 4728 554 4775 cum
603 4710 1022 4792 suprascripto
1067 4708 1351 4774 Johanne
1397 4706 1621 4771 comite
1665 4704 1836 4769 vobis
1899 4702 2312 4784 suprascripto
2360 4700 2607 4764 domino
2667 4698 2812 4764 duci
2874 4697 3125 4762 vestris·
