3620 5282
573 327 703 391 364

580 502 847 567 basiator
897 502 1016 566 scit
1060 501 1321 566 formam
1370 506 1433 567 et
1478 503 1726 568 modum
1776 505 1983 568 nostre
2052 499 2497 585 promissioniS,
2565 520 2679 584 que
2751 501 2887 579 fuit,
2953 502 3118 584 quod
3168 518 3314 565 mo-

576 593 757 654 vente
808 608 871 651 se
918 590 1314 653 serenissimo
1362 592 1630 666 dominc,
1694 609 1840 672 rege
1903 590 2222 673 Hungarie
2284 608 2428 653 cum
2492 589 2848 654 illustribus
2912 588 3313 671 principibus

579 678 948 759 BurgoudIe,
996 676 1465 743 Aureliensibus
1512 682 1575 742 et
1624 679 2043 754 Lanchastrie,
2090 683 2152 742 et
2222 684 2402 742 eunte
2448 676 2529 741 ad
2588 677 3078 760 persecutionem
3141 676 3312 740 Tur-

579 765 855 843 chorum,
905 766 1111 846 parati
1161 783 1407 830 eramus
1456 768 1511 830 ei
1558 767 1703 830 dare
1761 769 1827 830 et
1869 766 2258 830 contribuere
2305 768 2591 847 quartam
2653 769 2891 847 partem
2953 764 3310 845 galearum,

574 871 692 934 que
740 853 1116 935 ponerentur
1158 872 1267 934 per
1313 872 1526 918 omnes
1574 855 1729 918 alios
1776 854 1837 917 in
1886 854 2231 918 subsidium
2282 854 2429 917 dicti
2475 854 2556 934 pii
2588 854 2790 935 operis
2822 870 2859 914 a
2890 852 3071 916 XXV
3104 851 3314 935 galeis

575 940 753 1013 infra,
805 940 916 1003 hoc
965 944 1080 1016 est,
1131 943 1182 1003 si
1233 943 1605 1022 ponerentur
1649 941 1834 1006 XXV
1881 942 2076 1024 galee,
2125 960 2347 1024 ponere
2394 960 2517 1018 seX,
2565 943 2632 1004 et
2675 941 2766 1004 sic
2810 939 2950 1004 inde
3010 940 3176 1004 infra
3243 944 3315 1005 et

576 1031 717 1092 cet:
740 1029 821 1092 Et
866 1028 955 1090 ita
1002 1029 1081 1093 ob
1126 1030 1535 1093 reverentiam
1584 1031 1725 1094 fidei
1773 1029 2078 1094 chatolice
2124 1033 2189 1093 et
2247 1029 2840 1111 contemplacionem
2896 1046 3007 1091 sue
3055 1028 3311 1092 sereni-

576 1117 727 1179 tatis
778 1115 976 1195 parati
1026 1133 1243 1180 sumus
1305 1116 1526 1195 facere,
1576 1118 1894 1182 attendere
1942 1121 2006 1181 et
2036 1116 2381 1194 observare,
2418 1136 2527 1182 nec
2560 1133 2596 1179 a
2635 1116 3045 1199 promissione
3081 1117 3314 1180 nostra

576 1203 754 1267 modo
802 1204 1009 1285 aliquo
1057 1205 1499 1269 recederemus.
1551 1205 1631 1270 Et
1671 1207 1816 1287 quia
1863 1225 1970 1269 nos
2019 1224 2139 1268 non
2187 1205 2478 1268 audimus
2537 1204 2617 1268 ab
2682 1221 2752 1269 eo
2802 1222 2913 1267 nec
2981 1204 3313 1268 sentimus

577 1290 655 1354 ab
703 1292 895 1366 extra,
944 1291 1104 1372 quod
1153 1292 1305 1356 dicti
1373 1296 1501 1356 tres
1569 1293 1880 1374 principes
1942 1312 2081 1357 cum
2147 1295 2279 1374 ipso
2343 1292 2593 1356 domino
2658 1310 2799 1373 rege
2870 1310 2936 1355 se
2986 1293 3311 1369 moveant,

577 1383 829 1460 propter
876 1378 1036 1460 quod
1085 1380 1411 1461 promissio
1459 1380 1593 1462 ipsa
1629 1385 1844 1445 nostra
1890 1399 2008 1444 non
2056 1380 2317 1445 baberet
2363 1381 2596 1455 locum„
2637 1382 2741 1443 sed
2775 1381 3035 1461 apparet
3064 1379 3310 1457 solum,

576 1466 739 1548 qnod
787 1467 1069 1530 dominus
1116 1485 1218 1530 rex
1264 1467 1431 1532 solus
1478 1487 1617 1531 cum
1691 1468 1960 1533 exercitu
2027 1486 2137 1532 suo
2209 1469 2295 1531 sit
2354 1467 2692 1549 dispositus
2761 1466 3051 1549 prosequi
3121 1467 3308 1531 istud

574 1572 744 1635 opuS,
816 1553 977 1636 quod
1042 1573 1285 1620 summe
1345 1554 1694 1633 laudamuS,
1765 1574 1887 1620 non
1935 1557 2308 1633 dubitantes,
2377 1555 2958 1638 quod‘propiciante
3005 1553 3104 1618 dei
3151 1555 3313 1618 dex-

574 1643 709 1706 tera
755 1641 1097 1723 reportabit
1143 1642 1409 1724 gloriam
1458 1646 1521 1706 et
1569 1645 1954 1725 triumphum
2024 1663 2164 1708 cum
2235 1644 2608 1708 exaltatione
2655 1644 2797 1707 fidei
2852 1642 3178 1720 chatolice,
3235 1648 3309 1706 ut

576 1728 870 1793 maiestas
918 1748 1030 1793 sua
1077 1729 1283 1794 videat
1350 1733 1626 1796 nostram
1690 1733 1912 1796 bonam
1961 1734 2025 1794 et
2089 1732 2395 1813 optimam
2456 1730 2925 1814 dispositionem
2986 1731 3064 1794 ad
3124 1729 3305 1794 istud

578 1816 834 1895 fac-turn,
879 1819 942 1880 et
986 1818 1060 1881 ad
1109 1817 1437 1883 volendum
1488 1819 1605 1884 sibi
1655 1821 1885 1883 servire
1931 1822 1995 1882 et
2041 1818 2419 1900 complacere
2485 1819 2547 1882 in
2609 1818 2796 1882 rebus
2863 1818 3304 1900 possibilibuS,

579 1906 782 1988 parati
833 1923 1048 1969 sumus
1095 1907 1160 1968 et
1209 1906 1297 1970 ita
1360 1907 1477 1971 sibi
1544 1907 1883 1982 offerimuS,
1956 1907 2118 1988 qnod
2172 1906 2585 1989 procendente
2647 1924 2761 1970 sna
2822 1906 3160 1970 serenitate
3226 1911 3296 1969 et

576 1995 760 2056 eunte
807 2010 944 2055 cum
997 2011 1106 2056 sno
1152 1994 1421 2058 exercitu
1470 1993 1549 2057 ad
1596 1995 2089 2077 persecutionem
2135 1995 2515 2059 Turcborum
2565 1992 2983 2074 predictorum
3030 1992 3094 2057 iu
3143 2012 3293 2077 par-

574 2079 745 2144 tibus
791 2080 1114 2158 Romame,
1162 2081 1500 2146 secundum
1549 2084 1706 2165 quod
1755 2083 1876 2147 dici
1940 2083 2114 2146 nobis
2180 2082 2330 2147 fecit
2377 2083 2769 2160 deliberasse,
2838 2098 2948 2145 nos
3009 2080 3299 2146 dabimus

577 2167 698 2232 sibi
746 2167 1212 2232 subventionem
1256 2169 1334 2233 de
1380 2173 1642 2251 quatuor
1684 2170 1914 2234 uostris
1961 2169 2157 2253 galeis
2202 2170 2355 2234 bene
2401 2171 2661 2234 armatis
2724 2177 2787 2234 et
2832 2167 2988 2234 bene
3034 2169 3292 2244 fulcitis,

577 2275 699 2339 que
744 2258 925 2319 erunt
973 2257 1033 2319 in
1083 2257 1359 2337 partibus
1408 2258 1707 2322 Romanie
1756 2258 1835 2321 ad
1882 2257 2128 2341 longius
2188 2277 2380 2339 usque
2444 2257 2772 2321 dimidium
2838 2257 3073 2321 mensis
3136 2257 3295 2333 iulii,

575 2346 641 2406 et
683 2343 769 2407 ibi
821 2345 1144 2408 attendent
1189 2345 1522 2409 adventum
1574 2345 1922 2410 maiestatis
1962 2367 2069 2411 sue
2114 2348 2178 2410 et
2224 2345 2319 2410 sui
2356 2347 2661 2409 exercitus
2701 2363 2896 2426 usque
2963 2344 3294 2409 dimidium

574 2431 808 2494 mensis
857 2432 1124 2514 augusti,
1172 2432 1318 2513 quia
1367 2433 1525 2497 certi
1587 2453 1821 2513 sumne,
1887 2435 2050 2516 quod
2101 2433 2299 2497 eciam
2356 2435 2501 2497 ante
2548 2432 2783 2497 dictum
2839 2435 3090 2516 tempus
3156 2450 3294 2496 cum

573 2518 671 2582 dei
742 2519 970 2582 auxilio
1020 2520 1315 2582 maiestas
1384 2538 1496 2584 sua
1563 2523 1684 2586 erit
1747 2523 1808 2586 in
1867 2522 1994 2586 illis
2056 2521 2358 2603 partibus,
2430 2524 2492 2584 et
2552 2522 2752 2585 adhuc
2812 2520 2977 2603 plus,
3049 2521 3287 2604 quando

574 2605 708 2688 ipse
755 2606 1115 2688 capitaneus
1163 2606 1529 2674 informatus
1575 2611 1757 2692 esset,
1806 2611 1962 2692 qnod
2011 2612 2259 2692 propter
2305 2609 2578 2694 aliquam
2626 2627 2879 2673 causam
2914 2609 3289 2687 distulisset,

575 2697 639 2759 et
684 2697 842 2777 quod
890 2694 1047 2759 foret
1094 2697 1166 2759 de
1212 2698 1489 2778 proximo
1522 2695 1671 2763 illuc
1707 2700 1923 2763 iturus.
1973 2698 2055 2762 Et
2087 2702 2411 2781 propterea
2441 2698 2641 2779 ipsam
2678 2698 3080 2762 maiestatem
3110 2715 3289 2760 suam

573 2782 899 2846 affectuose
946 2801 1289 2864 precamur,
1340 2787 1645 2866 quatenus
1694 2786 1938 2868 placeat
1983 2786 2097 2851 tali
2150 2786 2325 2850 modo
2360 2786 2694 2867 providere,
2721 2787 2883 2867 quod
2917 2786 3048 2867 ipse
3082 2788 3294 2849 noster

572 2872 931 2952 capitaneus
979 2871 1063 2934 sit
1110 2872 1183 2934 de
1232 2873 1510 2953 tempore
1559 2874 1621 2937 in
1669 2878 1916 2956 tempus
1963 2874 2329 2938 informatus
2376 2873 2452 2937 de
2504 2872 2604 2937 via
2648 2891 2761 2937 sua
2808 2876 2873 2938 et
2904 2875 2978 2937 de
3009 2879 3292 2955 tempore

572 2977 704 3036 su0‚
753 2963 818 3022 et
864 2957 1156 3023 similiter
1201 2959 1254 3022 si
1301 2961 1508 3043 aliquo
1556 2981 1698 3025 casu
1751 2979 1868 3026 non
1910 2966 2117 3045 posset
2182 2962 2272 3024 ire
2348 2961 2425 3026 ad
2496 2959 2638 3024 illas
2687 2965 2913 3043 partes,
2980 2962 3052 3025 ut
3095 2960 3303 3043 possit

576 3046 893 3127 providere
940 3048 1013 3110 de
1060 3046 1245 3110 dictis
1294 3048 1493 3129 galeis
1537 3049 1786 3128 nostris,
1835 3052 1977 3131 qnia
2024 3069 2141 3114 uon
2190 3052 2356 3113 esset
2400 3050 2650 3126 bonum,
2692 3049 2849 3131 quod
2885 3048 3142 3113 defferet
3187 3048 3301 3126 ibi,

576 3133 696 3196 nisi
746 3133 1006 3198 debetur
1048 3134 1199 3198 illuc
1244 3136 1347 3211 ire,
1395 3137 1518 3201 imo
1565 3136 1724 3201 soret
1768 3156 1911 3202 cum
1962 3155 2185 3219 magno
2233 3137 2455 3200 damno
2502 3146 2565 3200 et
2610 3136 2932 3201 incomodo
2977 3136 3303 3220 galearum

574 3223 637 3284 et
674 3222 879 3304 gentis
930 3224 1153 3285 nostre.
1206 3224 1296 3286 De
1344 3229 1519 3305 parte
1570 3225 1714 3303 132,
1764 3226 1839 3289 de
1889 3245 2005 3290 non
2049 3227 2107 3302 6,
2159 3243 2279 3288 non
2328 3225 2555 3288 sinceri
2609 3227 2661 3288 1.

783 3325 882 3389 Ad
945 3327 1206 3390 alteram
1273 3332 1512 3408 partem
1578 3330 2003 3396 subventionis
2061 3331 2335 3412 pecunie,
2385 3349 2568 3412 quam
2640 3333 2768 3410 ipse
2815 3329 2974 3411 petit
3017 3347 3054 3393 a
3100 3329 3306 3405 nobis,

573 3412 831 3477 volendo
882 3433 987 3476 nos
1034 3418 1105 3479 ut
1150 3416 1300 3480 dicit
1370 3418 1618 3481 reddere
1692 3418 1845 3482 bene
1891 3420 2103 3483 cautos
2152 3422 2216 3483 et
2261 3437 2525 3495 securoS,
2599 3418 3054 3498 respondeatur,
3129 3417 3302 3499 quod

573 3499 868 3565 maiestas
916 3503 1085 3585 regia
1132 3522 1203 3565 ex
1245 3504 1462 3569 multis
1510 3505 1971 3586 operationibus
2014 3526 2118 3587 per
2166 3524 2274 3569 nos
2320 3504 2505 3570 factis
2554 3507 2936 3586 temporibus
2971 3506 3299 3586 preteritis

572 3608 788 3653 versus
837 3607 1012 3652 suam
1061 3591 1491 3655 excellentiam
1548 3595 1611 3657 et
1673 3613 1931 3677 regnum
1995 3614 2175 3658 suum
2249 3595 2452 3675 potest
2508 3593 2856 3657 clarissime
2915 3592 3144 3657 vidisse
3231 3597 3304 3658 et

572 3676 933 3758 cognovisse
1007 3679 1283 3742 nostram
1356 3681 1659 3745 sinceram
1732 3684 1796 3744 et
1866 3682 2165 3764 optimam
2227 3681 2695 3763 dispositionem
2768 3681 2841 3744 ad
2889 3680 3186 3744 honorem
3236 3687 3307 3745 et

571 3764 1011 3828 exaltationem
1064 3783 1240 3829 suam
1290 3768 1354 3830 et
1399 3785 1619 3832 corone
1666 3788 1794 3847 sue,
1846 3770 1988 3851 quia
2056 3770 2371 3852 hucusque
2435 3788 2552 3833 non
2621 3768 3002 3833 cessavimus
3070 3767 3307 3847 facere,

572 3870 956 3934 quecumque
1005 3851 1204 3917 facere
1253 3855 1569 3934 potuimus
1616 3857 1745 3920 tam
1793 3876 1976 3939 opere
2023 3876 2206 3939 quam
2272 3875 2572 3931 sermone,
2637 3860 2699 3919 et
2758 3875 2872 3937 pur
2919 3855 3123 3919 altera
3173 3857 3303 3932 die,

572 3939 813 4021 qnando
862 3941 1162 4021 applicuit
1213 3942 1525 4015 Venetias,
1577 3945 1825 4008 veniens
1851 3945 1926 4008 de
1951 3946 2232 4027 partibus
2274 3944 2614 4025 Hungarie,
2650 3943 3028 4008 ambasiator
3060 3944 3303 4009 domini

573 4026 960 4109 imperatoris
1011 4026 1597 4112 ConstantinopoliS‚
1648 4034 1795 4096 deus
1843 4035 2014 4096 novit
2060 4035 2360 4113 quantum
2427 4031 2847 4096 laboravimus
2905 4033 2971 4094 et
3011 4031 3302 4109 fecimuS,

573 4119 642 4178 nt
689 4114 947 4179 haberet
994 4116 1259 4180 celerem
1309 4119 1777 4199 expeditionem,
1829 4123 1892 4184 et
1942 4119 2213 4184 finaliter
2262 4122 2573 4184 tenuimus
2620 4119 2870 4184 modum
2913 4118 3207 4183 intrando
3240 4124 3312 4185 et

571 4202 851 4266 faciendo
899 4204 1225 4285 plezariam
1276 4206 1348 4269 de
1398 4224 1623 4289 magna
1660 4209 2011 4289 quantitate
2058 4208 2334 4290 pecunie,
2405 4227 2589 4290 qnam
2680 4207 2972 4288 portavit,
3013 4207 3180 4289 quod
3230 4208 3298 4272 in

573 4291 774 4354 tribus
824 4291 1038 4355 diebus
1088 4294 1473 4374 recuperavit
1523 4295 1719 4358 totam
1766 4296 2092 4376 pecuniam
2141 4297 2205 4359 et
2250 4295 2503 4359 fulcitus
2548 4294 2683 4370 fnit,
2736 4295 2809 4357 nt
2872 4295 3141 4358 intentio
3185 4295 3300 4360 do-

573 4378 725 4441 mini
769 4379 932 4460 regis
978 4378 1222 4443 defectu
1268 4381 1525 4461 pecunie
1574 4400 1689 4447 non
1738 4382 2121 4457 deficeretur,
2171 4383 2411 4465 qnando
2455 4384 2818 4464 sequeretur
2874 4382 3186 4461 effectum,
3235 4386 3307 4448 et

572 4465 663 4529 ita
711 4485 985 4530 essemus
1033 4467 1316 4549 dispositi
1367 4469 1568 4533 facere
1608 4488 1716 4552 pro
1763 4472 2055 4551 presenti.
2106 4469 2225 4534 Sed
2270 4472 2498 4535 veritas
2546 4469 2632 4533 rei
2681 4472 2797 4546 est,
2846 4471 3009 4552 quod
3045 4474 3304 4553 propter

574 4552 769 4616 multa
817 4554 1179 4631 accidentia,
1232 4576 1350 4637 que
1398 4557 1570 4621 nobis
1604 4562 2001 4621 occurrerunt
2045 4559 2164 4622 isto
2198 4576 2356 4622 anno
2389 4559 2636 4622 insolita
2667 4559 2730 4620 et
2761 4557 3086 4633 inusitata,
3121 4575 3312 4640 opor—

576 4639 698 4701 tuit
738 4658 847 4702 nos
894 4641 1095 4705 facere
1145 4645 1409 4707 multam
1460 4664 1788 4726 expensam
1842 4650 1904 4708 et
1953 4665 2241 4728 magnam
2292 4647 2459 4710 ultra
2507 4645 2778 4721 solitam,
2830 4647 3077 4728 propter
3110 4665 3302 4728 quam

577 4724 643 4785 et
686 4728 940 4807 propter
983 4729 1433 4794 diminutiones
1482 4735 1837 4797 nostrorum
1885 4734 2231 4814 introitum,
2280 4754 2398 4816 que
2424 4733 2669 4797 fuerunt
2702 4732 2827 4797 isto
2864 4752 3026 4799 anno
3056 4736 3314 4818 propter
