3620 5282
494 404 624 475 226

494 578 668 644 vonie
715 578 1085 641 accessisset
1131 578 1193 640 et
1238 576 1406 640 dicta
1454 578 1702 641 moneta
1747 575 1947 639 adhuc
1994 577 2159 640 esset
2200 574 2264 637 in
2314 573 2628 656 RagusiO,
2676 572 2839 636 idem
2893 572 3041 643 Vita
3108 591 3223 645 nou

498 666 746 731 tenetur
793 684 903 728 nec
949 666 1133 728 debet
1179 664 1513 728 conducere
1563 682 1673 727 nec
1720 664 1970 728 conduci
2019 662 2218 726 facere
2267 660 2466 742 ipsam
2504 662 2813 725 monetam
2847 663 2910 723 et
2944 678 3222 729 summas

496 753 862 818 ducatorum
910 754 989 816 ad
1034 753 1237 821 locum
1287 751 1691 816 Thesalonice
1736 750 2182 832 supradictum,
2232 753 2327 812 set
2368 748 2568 830 ipsam
2617 748 2858 829 integre
2893 748 3222 817 restituere

500 841 654 924 ipsis
696 841 940 905 domino
986 840 1124 904 duci
1173 859 1281 905 seu
1320 839 1558 903 nunciis
1607 839 1733 907 suis
1780 839 1910 902 siue
1950 838 2078 903 ulla
2110 855 2304 920 pena;
2350 836 2632 917 quodque
2680 835 2732 899 si
2783 837 3032 917 propter
3070 853 3225 905 nova

492 927 771 1011 predicta
814 927 1195 991 restituenda
1242 928 1406 991 esset
1451 927 1584 1009 ipsa
1635 927 1884 990 moneta
1931 928 1995 989 et
2040 925 2227 1002 thele,
2278 941 2428 1008 quas
2477 923 2677 987 dictus
2720 923 2867 987 Vita
2916 922 3051 987 vult
3096 926 3225 987 tra-

492 1017 638 1080 here
683 1014 758 1080 de
805 1015 1103 1092 VenetiiS,
1152 1014 1353 1078 adhuc
1384 1017 1590 1078 essent
1623 1013 1683 1076 iu
1716 1014 2018 1090 VeneciiS,
2067 1031 2188 1076 non
2220 1012 2417 1094 possit
2450 1029 2561 1075 nec
2591 1009 2815 1074 debeat
2846 1028 2946 1077 aas
2979 1010 3224 1077 trahere

499 1105 574 1168 de
612 1103 922 1178 Veneciis;
968 1107 1064 1167 set
1111 1121 1289 1166 cassa
1337 1105 1401 1165 et
1444 1101 1615 1166 nulla
1663 1100 1747 1165 sit
1790 1101 2054 1164 licencia
2101 1100 2194 1163 illi
2242 1116 2550 1163 concessa.
2610 1098 2903 1161 Preterea
2948 1097 3079 1180 ipse
3127 1096 3222 1161 in·

499 1192 683 1257 clitus
730 1189 1017 1255 dominus
1063 1190 1188 1254 dux
1234 1191 1298 1253 et
1344 1189 1474 1253 eius
1522 1188 1846 1252 consilium
1897 1188 2325 1270 supradictum
2352 1186 2563 1249 mittet
2606 1189 2670 1249 et
2713 1186 2963 1249 mittere
3008 1184 3226 1250 volunt

498 1298 685 1343 unam
733 1296 1081 1360 personam,
1130 1296 1244 1359 que
1293 1276 1415 1341 sibi
1458 1276 1787 1353 videbitur,
1833 1294 1973 1339 cum
2002 1275 2162 1339 dicto
2194 1275 2341 1338 Vita
2389 1274 2488 1337 vel
2534 1273 2660 1336 illis
2703 1272 2961 1349 nunciiS,
3012 1273 3223 1354 quide

498 1366 769 1449 Ragusio
818 1366 1160 1430 conducent
1206 1365 1407 1446 ipsam
1455 1369 1766 1428 monetam
1814 1362 2280 1427 Thesalonicam
2338 1361 2414 1425 ad
2465 1379 2676 1425 omnes
2725 1378 3020 1442 expensas
3067 1358 3220 1424 dicti

501 1455 667 1519 Vite.
715 1452 782 1518 Si
828 1471 970 1518 vero
1012 1453 1420 1534 contingeret,
1472 1451 1630 1533 quod
1677 1451 1859 1527 absit,
1902 1450 2061 1532 quod
2093 1449 2307 1514 ablata
2354 1451 2418 1512 et
2462 1449 2684 1513 rubata
2715 1449 2879 1512 esset
2925 1448 3059 1529 ipsa
3089 1466 3221 1511 mo-

504 1544 646 1606 neta
692 1541 755 1604 in
817 1542 1038 1605 itinere
1087 1538 1473 1621 supradicte,
1507 1539 1739 1603 ·eundo
1810 1538 2100 1603 videlicet
2161 1535 2667 1614 Thesalouicam,
2730 1534 3105 1618 promissum
3161 1535 3226 1598 et

499 1629 866 1694 conventum
937 1630 1035 1693 est
1094 1628 1256 1691 iuter
1316 1630 1524 1710 partes
1584 1626 1911 1709 predictas,
1961 1624 2120 1706 quod
2165 1624 2370 1689 dictus
2428 1624 2574 1687 Vita
2620 1624 2683 1687 in
2740 1641 2808 1688 eo
2855 1640 3005 1687 casu
3052 1624 3222 1688 tene-

505 1719 647 1781 atur
695 1717 1023 1780 restituere
1071 1715 1269 1780 eidem
1315 1714 1564 1779 domino
1612 1714 1751 1778 duci
1800 1713 1966 1799 ipsas
2013 1731 2290 1777 summas
2338 1713 2402 1775 et
2447 1711 2824 1793 quantitates
2856 1710 3224 1776 ducatorum

505 1803 942 1888 predictorum,
993 1805 1059 1868 et
1104 1804 1263 1885 quod
1306 1804 1629 1885 propterea
1690 1820 1806 1865 uon
1872 1800 2207 1882 preiudicet
2270 1800 2324 1863 ei
2388 1817 2544 1882 pena
2604 1800 2734 1863 ulla
2787 1816 3072 1881 expressa
3117 1798 3228 1860 aut
3289 1860 3296 1863 ,

504 1892 704 1974 posita
749 1890 813 1954 in
861 1892 1128 1973 presenti
1176 1891 1516 1954 contractu.
1564 1890 1645 1952 Et
1689 1906 1797 1971 pro
1843 1888 1960 1952 hiis
2021 1887 2306 1953 omnibus
2370 1892 2431 1950 et
2495 1886 2761 1969 singulis
2824 1884 3226 1967 suprascripti

505 1982 569 2044 et
613 1977 992 2059 infrascripti
1038 1977 1430 2041 attendendis
1478 1979 1541 2041 et
1587 1976 1984 2040 observandis
2034 1975 2199 2039 idem
2246 1974 2392 2039 Vita
2441 1973 2764 2055 promissit
2808 1973 2954 2038 dare
3000 1970 3230 2038 suffici-

504 2069 710 2131 entem
758 2066 1105 2130 cautionem
1152 2068 1215 2129 et
1260 2064 1712 2129 fideiussionem
1759 2064 1826 2127 in
1872 2063 2153 2128 Veneciis
2200 2063 2320 2144 ipsi
2367 2060 2615 2125 domino
2663 2061 2803 2125 duci
2852 2059 2950 2126 vel
2996 2060 3060 2123 in
3103 2060 3228 2124 Ra·

503 2154 679 2238 gusio
721 2153 940 2218 nuncio
988 2153 1184 2235 ipsius
1230 2151 1461 2215 domini
1509 2153 1702 2229 ducis„
1751 2150 1827 2214 de
1875 2169 1993 2232 qua
2019 2150 2356 2215 dominatio
2381 2150 2792 2214 contentetur.
2840 2147 2971 2227 Que
3017 2146 3226 2212 omnia

506 2243 571 2305 et
619 2241 863 2324 singula
910 2239 1334 2323 suprascripta
1377 2241 1441 2303 et
1486 2238 1881 2321 infrascripta
1916 2239 2327 2320 promiserunt
2358 2255 2479 2300 una
2510 2254 2654 2318 pars
2696 2237 2876 2301 alteri
2918 2239 2982 2300 et
3028 2235 3227 2300 altera

507 2330 615 2395 uni
662 2328 1035 2404 nominibuS,
1084 2328 1308 2408 quibus
1356 2345 1558 2408 supra,
1605 2326 1876 2391 firmiter
1921 2326 2238 2390 attendere
2286 2327 2349 2388 et
2396 2324 2837 2389 inviolabiliter
2883 2324 3226 2399 observare,

508 2420 572 2482 et
620 2435 741 2481 non
790 2415 1205 2480 contrafacere
1257 2413 1356 2479 vel
1403 2416 1607 2478 venire
1650 2414 1765 2478 sub
1814 2432 1973 2496 pena
2019 2412 2255 2476 XXXV
2300 2411 2664 2477 ducatorum
2722 2430 2831 2494 pro
2878 2409 3229 2477 centenario

506 2507 889 2582 ducatorum,
940 2523 1055 2587 que
1101 2521 1259 2584 pena
1307 2502 1535 2567 totiens
1582 2501 2009 2569 committatur
2070 2502 2134 2564 et
2196 2498 2480 2582 exigatur
2538 2518 2575 2564 a
2621 2502 2796 2582 parte
2861 2496 3230 2564 contrafaci-

501 2594 663 2672 ente,
715 2594 778 2658 et
823 2591 1169 2674 applicetur
1215 2590 1383 2673 parti
1429 2589 1798 2667 observanti,
1848 2588 2136 2671 quociens
2186 2607 2291 2669 per
2335 2587 2606 2668 aliquam
2668 2605 2876 2652 earum
2950 2585 3229 2670 parcium

503 2682 567 2745 in
609 2681 907 2763 predictis
953 2682 1017 2743 et
1062 2678 1482 2761 predictorum
1529 2678 1809 2760 quolibet
1855 2677 2044 2741 fuerit
2069 2675 2536 2752 contrafactum,
2586 2676 2652 2739 et
2695 2693 2854 2756 pena
2897 2673 3230 2738 commissa

504 2768 602 2835 vel
649 2788 789 2847 non,
838 2768 971 2851 ipse
1016 2768 1370 2831 contractus
1417 2765 1481 2828 in
1529 2784 1639 2829 sua
1685 2764 1984 2830 firmitate
2040 2763 2349 2846 perduret.
2424 2761 2969 2843 Promiseruntque
3015 2762 3224 2843 partes

502 2856 780 2940 predicte
818 2855 1003 2919 michi
1056 2853 1294 2919 notario
1336 2853 1726 2934 infrascripto
1774 2851 2144 2929 nominibuS,
2195 2851 2417 2933 quibus
2461 2868 2645 2931 supra
2705 2850 3064 2932 stipulanti,
3132 2867 3230 2911 re—

507 2943 762 3027 cipienti
808 2947 881 3008 ut
898 2995 903 3000 „
926 2942 1169 3025 publice
1216 2959 1471 3025 persone
1518 2942 1715 3019 firma,
1761 2943 1901 3005 rata
1949 2940 2012 3003 et
2054 2941 2233 3022 grata
2278 2938 2503 3002 habere
2551 2938 2612 3002 et
2656 2938 2865 3002 tenere
2912 2938 3121 3002 omnia
3165 2935 3230 2999 et

511 3032 757 3114 singula
802 3030 1240 3112 suprascripta,
1283 3032 1346 3093 et
1391 3029 1482 3093 eis
1529 3046 1649 3092 non
1697 3027 2107 3092 contrafacere
2169 3025 2268 3090 vel
2314 3025 2521 3089 venire
2583 3025 2793 3107 aliqua
2855 3026 3088 3091 ratione
3132 3021 3229 3088 vel

505 3138 711 3196 causa,
754 3118 936 3182 modo
980 3117 1076 3181 vel
1123 3117 1322 3181 forma
1367 3115 1481 3179 sub
1513 3116 1815 3198 ypotecha
1863 3116 1926 3180 et
1971 3113 2354 3196 obligacione
2389 3112 2666 3176 omnium
2705 3114 3001 3178 bonorum
3033 3111 3230 3194 ipsius

508 3206 742 3270 domini
786 3204 956 3268 ducis
1005 3206 1068 3268 et
1113 3204 1458 3267 communis
1505 3203 1912 3267 veneciarum
1960 3203 2023 3266 et
2067 3201 2260 3284 ipsius
2312 3200 2486 3279 Vite,
2536 3199 2833 3265 heredum
2880 3201 2945 3265 et
2988 3217 3230 3264 succes-

512 3311 720 3357 sorum
770 3310 1018 3356 suorum
1067 3290 1448 3373 presentium
1495 3293 1560 3354 et
1605 3289 1971 3355 futurorum.

719 3381 789 3443 L.
836 3378 895 3443 S.
946 3378 1080 3460 Ego
1128 3377 1448 3443 Nicoletus
1495 3379 1567 3442 de
1613 3377 1963 3455 Lamberti,
2029 3375 2334 3459 imperiali
2399 3373 2773 3440 auctoritate
2833 3373 3104 3441 notarius
3166 3376 3232 3439 et

508 3468 775 3545 ducatus
821 3466 1228 3530 Veneciarum
1276 3465 1498 3543 scriba,
1547 3465 1668 3529 hiis
1693 3464 1976 3529 omnibus
2000 3484 2254 3548 presens
2300 3463 2406 3542 fui,
2456 3464 2518 3526 et
2564 3464 2815 3545 rogatus
2863 3480 2902 3527 a
2947 3461 3230 3545 partibus

507 3556 804 3641 predictis
851 3553 1137 3630 scribere,
1184 3552 1421 3634 scripsi.

602 3645 1171 3708 Commemorialium
1216 3644 1255 3702 1
1271 3644 1331 3702 V.
1377 3644 1525 3713 208,
1571 3661 1612 3701 u
1656 3644 1999 3703 mletackom
2043 3644 2276 3702 arkivu.

722 3797 1388 3885 CCCXXXVlll.
1442 3798 1649 3880 Gon.
1698 3798 1922 3881 1352.
1976 3799 2070 3881 31
2126 3797 2463 3898 onujka,
2517 3819 2577 3878 u
2632 3797 3025 3879 Mleteih.

516 3914 697 3974 Glede
737 3911 1014 3978 Zabram,
1062 3910 1141 3967 da
1166 3908 1469 3980 placenici
1514 3925 1554 3966 u
1598 3907 1845 3976 Zadru,
1907 3908 2120 3978 Kopru
2165 3907 2189 3964 i
2242 3905 2491 3964 Trevisu
2553 3908 2808 3979 nesmnju
2863 3924 2906 3964 u
2951 3906 3083 3965 obde
3127 3922 3236 3965 na-

560 4003 703 4061 lazit
747 4016 809 4058 se
849 4015 891 4057 u
936 3997 1179 4055 rodstvu
1222 4012 1293 4054 sa
1339 3993 1642 4054 doticnimi
1682 3994 1985 4068 yradjani,
2033 3993 2348 4068 odredjmu
2384 4010 2445 4052 se
2488 3996 2714 4066 stepem·
2761 3998 2895 4069 toya
2938 3994 3196 4053 rodstva.

730 4102 915 4166 1352.
960 4099 1057 4164 die
1106 4099 1325 4164 ultimo
1372 4099 1606 4176 marcii,
1658 4101 1904 4180 captat.
1940 4116 2131 4180 quum
2193 4096 2492 4160 hactenus
2539 4096 2848 4179 provisum
2898 4098 3025 4173 est,
3076 4095 3237 4179 quod
3311 4153 3320 4156 ἢ

512 4193 576 4256 in
624 4190 983 4256 civitatibus
1031 4186 1258 4250 uostris
1305 4186 1495 4251 Jadre
1539 4188 1602 4250 et
1648 4186 1690 4251 J
1699 4184 2061 4267 ustinopolis
2107 4183 2316 4248 nullus
2349 4184 2547 4266 possit
2578 4183 2801 4248 habere
2840 4185 3236 4266 stipendium,

516 4279 622 4360 qui
669 4278 861 4342 habet
915 4275 1012 4340 vel
1060 4275 1387 4338 contrahat
1431 4274 1843 4357 parentellam
1893 4291 2031 4336 cum
2078 4272 2385 4353 aliquibus
2426 4271 2663 4336 civibus
2695 4271 3001 4336 dictarum
3048 4275 3244 4337 terra-

518 4385 681 4443 rum,
731 4365 890 4446 quod
917 4362 1166 4444 quidem
1202 4362 1444 4425 utiliter
1493 4365 1556 4427 et
1607 4359 2135 4443 benerespondit:
2182 4360 2245 4422 et
2292 4359 2354 4421 in
2401 4360 2676 4425 Tarvisio
2723 4377 2840 4423 non
2887 4360 2972 4423 sit
3017 4360 3242 4442 aliquis

516 4453 665 4517 ordo
713 4469 895 4533 super
941 4451 1092 4512 hoc:
1145 4449 1316 4513 vadit
1362 4467 1503 4530 pars
1554 4468 1662 4532 pro
1702 4448 1870 4514 omni
1901 4448 2180 4529 respectu
2214 4446 2377 4522 boni,
2426 4449 2585 4528 quod
2617 4446 3034 4528 prohibeatur,
3084 4448 3239 4530 quod

518 4537 791 4620 aliquiiS,
845 4537 948 4619 qui
1001 4535 1261 4600 haberet
1307 4534 1405 4600 vel
1453 4537 1845 4602 contraheret
1891 4533 2301 4618 parentellam
2350 4534 2412 4597 in
2459 4534 2666 4618 aliquo
2714 4533 3020 4616 graduum
3055 4535 3242 4599 infra-

515 4628 887 4710 scriptorum
936 4642 1075 4687 cum
1127 4622 1332 4705 aliquo
1381 4624 1512 4688 cive
1561 4624 1894 4700 tarvisino,
1961 4641 2076 4686 nen
2138 4621 2336 4702 possit
2394 4621 2617 4686 habere
2666 4626 2943 4687 nostrum
3006 4623 3243 4705 stipen-

513 4716 682 4780 dium
728 4711 822 4776 ibi
868 4711 1151 4793 equestre
1198 4710 1297 4774 vel
1337 4710 1639 4792 pedestre.
1689 4712 1771 4776 Et
1817 4730 1937 4775 non
1966 4710 2163 4791 possit
2202 4710 2472 4773 revocari
2520 4728 2632 4774 nec
2663 4710 2796 4773 fieri
2822 4711 3026 4792 gratia
3056 4711 3241 4775 alicui

512 4805 726 4870 contra
771 4798 1047 4884 predicta
1092 4797 1207 4861 sub
1248 4816 1406 4880 pena
1449 4798 1751 4863 librarum
1801 4797 1849 4863 C
1893 4816 2008 4881 pro
2038 4797 2315 4880 quolibet
2353 4796 2721 4877 consiliario,
2769 4796 2972 4880 capite
3020 4797 3240 4864 etalio
