3620 5282
2945 347 3075 414 345

356 525 560 590 cultas
605 523 766 590 foret
811 524 877 589 in
921 524 1085 591 facto
1143 525 1498 591 reddituum
1556 526 1622 591 et
1680 523 2050 591 introituum
2117 525 2330 605 castri,
2391 525 2600 609 placet
2659 524 2852 603 nobis,
2914 522 3075 607 quod

352 612 870 692 condescendatis,
915 616 1271 677 remanente
1302 613 1438 678 loco
1486 612 1867 679 inmanibus
1898 615 2143 694 nostris,
2171 617 2243 679 ut
2273 613 2512 679 dictum
2545 616 2664 690 est,
2700 614 2776 677 ad
2802 611 3074 678 dandum

358 718 469 765 seu
510 698 647 765 dari
694 699 1044 765 faciendum
1083 719 1296 765 omnes
1343 700 1620 766 redditus
1680 702 1745 765 et
1804 706 2134 783 proventus
2195 720 2233 766 a
2272 701 2389 780 die,
2454 720 2580 786 qua
2626 701 2906 784 pecunia,
2955 719 3073 785 que

357 790 458 853 est
501 788 603 853 hic
648 786 1000 870 depositata
1042 806 1151 852 suo
1200 790 1468 867 nomine,
1517 789 1663 854 data
1706 788 1770 853 et
1817 790 2133 872 assignata
2182 835 2530 855 ......
2575 791 2640 854 et
2685 788 2807 853 erit
2851 787 2915 852 in
2972 805 3073 869 po-

334 876 584 940 ·testate
629 874 827 940 nostri
868 876 1237 954 communia,
1287 875 1434 958 quia
1492 878 1635 940 ante
1689 876 1927 941 iustum
1982 895 2099 942 non
2160 875 2341 954 foret,
2410 878 2571 959 quod
2634 876 2778 941 illos
2844 874 3073 941 habere

355 961 606 1028 deberet
653 1008 1318 1028 ...........
1366 966 1609 1046 partem
1672 963 1863 1029 istam
1923 962 2125 1029 facere
2198 966 2262 1030 et
2321 964 2562 1046 operari
2625 963 2904 1028 debeatis
2950 961 3076 1026 vir-

359 1050 560 1115 tutem
623 1053 889 1116 vestram
952 1068 1094 1115 cum
1151 1049 1281 1115 illis
1342 1051 1543 1115 verbis
1604 1051 1669 1115 et
1709 1050 2078 1127 rationibus,
2141 1069 2259 1135 que
2305 1054 2509 1117 vestre
2553 1050 2853 1134 sapientie
2898 1049 3073 1116 vide-

357 1136 605 1203 buntur.
654 1135 912 1216 Quando
957 1141 1170 1202 autem
1216 1136 1382 1202 facta
1425 1137 1593 1203 omni
1638 1138 1916 1221 possibili
1965 1138 2341 1221 experientia
2384 1139 2516 1221 ipsa
2561 1139 2811 1204 domina
2855 1136 3075 1202 comit-

356 1225 515 1290 tissa
560 1226 1038 1290 condescendere
1083 1242 1198 1289 non
1248 1225 1526 1305 voluerit,
1575 1226 1679 1290 sed
1727 1225 1919 1291 vellet
1963 1225 2212 1290 omnino
2258 1225 2483 1292 habere
2530 1225 2808 1291 redditus
2841 1227 2907 1290 et
2937 1243 3075 1307 pro-

358 1314 602 1389 ventus,
650 1313 757 1396 qui
801 1312 999 1377 habiti
1044 1314 1192 1375 sunt
1237 1316 1302 1378 et
1346 1311 1561 1377 haberi
1609 1313 1837 1378 debent
1880 1330 1987 1395 pro
2038 1312 2306 1378 termino
2352 1314 2554 1378 sancti
2603 1311 2852 1394 Georgii
2919 1329 3078 1376 nunc
3208 1360 3231 1376 .

354 1400 656 1483 preteriti,
705 1418 919 1464 sumus
965 1399 1261 1477 contenti,
1309 1401 1467 1482 quod
1514 1400 2016 1467 condescendatis
2063 1400 2254 1465 etiam
2301 1401 2379 1465 ad
2424 1401 2693 1466 dandum
2735 1399 2855 1464 sibi
2913 1399 3075 1477 illos,

356 1505 496 1553 cum
526 1486 879 1552 condicione
926 1505 1169 1567 semper
1214 1487 1277 1550 in
1320 1488 1487 1552 omni
1533 1505 1698 1566 casu,
1748 1488 1910 1570 quod
1960 1490 2157 1553 rector
2204 1490 2432 1566 noster,
2481 1488 2592 1571 qui
2638 1487 2736 1552 est
2782 1486 2867 1551 ibi
2932 1505 3077 1551 cum

361 1574 486 1639 ista
532 1573 937 1656 promissione
977 1592 1016 1638 a
1060 1575 1239 1639 nobis
1285 1577 1349 1639 et
1394 1593 1538 1640 cum
1583 1575 1705 1640 ista
1750 1574 2126 1656 condicione,
2173 1574 2404 1641 habeat
2429 1574 2623 1652 illud,
2669 1574 2827 1658 quod
2874 1575 2973 1638 est
3017 1573 3073 1638 ei

365 1662 738 1744 promissum
786 1680 894 1743 per
935 1679 1046 1726 nos
1100 1681 1209 1744 per
1262 1661 1525 1726 formam
1587 1680 1696 1728 sne
1757 1662 2167 1740 comissimis,
2230 1662 2296 1728 et
2352 1663 2512 1748 quod
2567 1660 2784 1727 rustici
2846 1661 3080 1725 faciant

363 1747 672 1831 angarias,
722 1766 873 1831 quas
918 1747 1122 1814 facere
1170 1751 1461 1815 tenentur
1506 1768 1614 1833 pro
1658 1750 1939 1815 custodia
1984 1752 2048 1814 et
2093 1752 2560 1817 conservatione
2625 1767 2697 1814 ac
2755 1746 3079 1814 laboreriis

362 1835 571 1912 castri,
618 1836 689 1901 ut
731 1835 902 1900 locus
943 1854 1063 1900 non
1114 1837 1300 1902 vadat
1342 1838 1408 1902 in
1455 1839 1697 1902 ruinam
1762 1855 1878 1902 nec
1930 1836 2012 1901 ad
2075 1837 2332 1903 malum.
2393 1838 2477 1902 Et
2534 1837 2589 1902 si
2637 1836 2750 1901 hoc
2793 1835 3077 1917 poteritis

357 1922 660 2002 obtinere,
702 1925 954 2006 accepto
1000 1922 1318 1990 amicabili
1364 1927 1645 1990 comeatu
1720 1925 1800 1989 ab
1865 1924 2001 2008 ipsa
2060 1924 2309 1991 domina
2370 1924 2713 2000 comitissa,
2780 1922 3075 1987 Venetiae

356 2010 649 2076 redeatis.
698 2009 957 2090 Quando
1004 2014 1213 2077 autem
1262 2011 1542 2078 obtinere
1584 2030 1701 2077 non
1749 2013 2029 2095 possetis,
2079 2015 2229 2077 tunc
2284 2013 2570 2078 scribatis
2629 2012 2803 2076 nobis
2850 2010 3075 2088 omnia,

356 2116 475 2181 qne
517 2097 863 2250 habgeritis
911 2099 1217 2250 (ιι-(113819,
1263 2099 1329 2165 et
1358 2100 1697 2183 expectetis
1744 2105 2023 2165 nostrum
2071 2101 2453 2166 mandatum.
2495 2100 2589 2165 De
2622 2100 2796 2183 parte
2828 2097 2934 2175 89,
2960 2114 3079 2162 non

356 2185 586 2251 sinceri
678 2234 694 2265 ,
742 2188 820 2251 de
865 2204 984 2252 non
1078 2235 1092 2250 .

440 2292 601 2355 Beer.
654 2293 826 2355 Gons.
872 2294 1240 2369 Roqatorum
1286 2295 1365 2356 R.
1415 2297 1563 2366 114,
1612 2312 1655 2355 u
1699 2295 1853 2356 mlct.
1901 2297 2136 2356 arkivu.

654 2478 1136 2565 CCCCXCI.
1193 2482 1400 2566 God.
1453 2483 1681 2568 1395.
1736 2484 1838 2566 10
1894 2485 2262 2586 ενίὶηῄιι,
2316 2506 2378 2566 ιι
2430 2483 2821 2567 Mletcih.

569 2603 668 2670 Ad
712 2605 1076 2672 instantiam
1123 2605 1372 2672 Bizardi
1422 2606 1522 2672 del
1570 2607 1774 2675 Gotho
1822 2605 2056 2673 domini
2117 2607 2377 2672 Ydronti
2449 2606 2796 2689 respublica
2862 2610 3083 2672 veneta

360 2691 638 2758 comittit
682 2712 792 2759 suo
864 2693 1186 2778 capitaneo
1261 2694 1497 2778 calphi,
1577 2699 1649 2761 ut
1706 2697 1907 2760 eundo
1963 2695 2040 2761 ad
2100 2699 2310 2777 partes
2370 2694 2660 2760 Anconae
2721 2696 2784 2759 et
2827 2694 3077 2771 Jadrae,

359 2780 584 2846 debeat
628 2799 976 2864 procurare,
1024 2782 1186 2864 quod
1235 2782 1395 2848 istae
1443 2784 1917 2848 communitates
1964 2784 2177 2848 vivant
2219 2783 2285 2846 in
2320 2782 2734 2848 benivolentia
2774 2785 2839 2847 et
2870 2800 3079 2846 amore

356 2885 499 2933 cum
541 2867 709 2934 dicto
755 2868 1004 2934 domino
1053 2868 1316 2935 Rizardo
1363 2868 1499 2935 cive
1543 2874 1784 2949 veneto,
1833 2889 2024 2953 quum
2071 2869 2201 2953 ipse
2245 2870 2531 2935 dominus
2576 2870 2653 2934 ad
2723 2869 2842 2934 hoc
2886 2868 3079 2934 etiam

357 2956 706 3039 peroptime
751 2956 838 3022 sit
881 2957 1241 3041 dispositus.

447 3064 627 3126 Masta·
677 3063 942 3126 XLIII.
992 3067 1094 3137 58,
1140 3082 1183 3125 u
1226 3066 1384 3127 mlet.
1431 3066 1668 3128 arkivu.

625 3252 1154 3338 CCCCXCII.
1212 3253 1415 3337 God.
1470 3253 1696 3337 1395.
1749 3256 1839 3336 11
1885 3254 2255 3355 emensa,
2309 3251 2813 3335 u·M1etcih.

399 3397 695 3458 mercam*
729 3399 1070 3473 podieljuju
1106 3417 1299 3473 pravo
1340 3399 1741 3474 yracb'anstva
1787 3398 2044 3473 Gjorgju
2088 3397 2424 3459 Sracimiru
2463 3398 2806 3473 yospodaru
2847 3396 3046 3469 Zente.

571 3499 981 3583 Privilegium
1037 3500 1354 3583 magnifici
1415 3500 1652 3565 domini
1715 3499 1968 3584 Georgii
2032 3498 2401 3578 Stracimiri,
2466 3499 2697 3563 domini
2766 3498 2954 3562 Zente
3019 3500 3083 3560 et

357 3587 499 3665 cet.,
548 3590 733 3669 prout
777 3586 996 3653 habuit
1040 3592 1216 3669 pater
1263 3589 1416 3653 eius.
1467 3625 1551 3636 —
1598 3587 1954 3653 Anthonius
2000 3587 2262 3652 Venerio
2319 3586 2417 3650 dei
2465 3588 2669 3670 gratia
2716 3585 2837 3649 dux
2883 3585 3082 3650 Vene-

361 3673 590 3740 tiarum
638 3676 755 3740 etc.
803 3674 1126 3741 Universis
1174 3678 1239 3740 et
1284 3676 1551 3760 singulis
1594 3677 1722 3740 tam
1764 3675 1986 3741 amicis
2031 3694 2214 3758 quam
2276 3673 2581 3749 fidelibus,
2648 3674 2712 3737 et
2759 3674 2889 3736 tam
2939 3691 3080 3755 pre-

358 3762 873 3845 sentibus·quam
918 3762 1146 3827 futuris
1192 3782 1439 3845 presens
1487 3763 1881 3846 privilegium
1950 3762 2323 3845 inspecturis
2386 3762 2656 3826 salutem
2721 3763 2785 3824 et
2840 3760 3078 3824 sincere

357 3848 711 3915 dilectionis
758 3850 1072 3914 affectum.
1122 3848 1399 3934 Inspexit
1446 3850 1602 3914 alias
1662 3850 1904 3914 ducalis
1970 3849 2316 3933 benignitas
2372 3849 2609 3913 clarum
2661 3847 2955 3913 honorem
3018 3849 3083 3910 et

360 3937 625 4017 perfecte
657 3938 1066 4004 reverentiam
1099 3939 1400 4013 caritatis,
1434 3956 1621 4020 quam
1656 3937 2025 4021 magnificus
2049 3936 2303 4002 condam
2332 3936 2616 4000 dominus
2642 3933 3081 4010 Strazimirius,
3115 3982 3122 3987 .

359 4022 504 4089 baro
550 4025 864 4091 maritime
909 4023 1247 4104 Sclavonie‚
1317 4025 1393 4090 ad
1455 4027 1738 4090 nostrum
1797 4026 2089 4089 honorem
2158 4025 2602 4106 comodumque
2659 4021 2958 4086 nobilium
3019 4022 3084 4084 et

359 4114 769 4178 mercatorum
816 4116 883 4178 et
926 4112 1205 4178 fidelium
1257 4115 1605 4178 nostrorum
1658 4112 1719 4176 in
1768 4130 1879 4177 suo
1927 4112 2194 4176 dominio
2249 4110 2763 4176 commorantium
2828 4109 3084 4173 effectu-

359 4198 545 4265 aliter
587 4200 1041 4265 demonstravit
1086 4199 1252 4278 adeo,
1302 4200 1463 4282 quod
1509 4201 1623 4265 sub
1646 4200 1851 4266 felicis
1876 4200 2172 4264 memorie
2204 4198 2439 4262 illustri
2472 4195 2720 4263 domiuo
2752 4197 3084 4262 Laurentio

358 4283 524 4351 Celsi
572 4287 979 4353 Venetiarum
1027 4287 1202 4365 duce,
1252 4289 1684 4370 predecessore
1715 4302 1946 4363 nostro,
1980 4288 2042 4351 in
2074 4305 2328 4351 numero
2360 4284 2817 4350 honorabilium
2849 4282 3081 4348 civium

355 4376 710 4440 nostrorum
762 4375 930 4440 intus
977 4380 1042 4440 et
1087 4378 1259 4440 extra
1305 4394 1448 4440 cum
1491 4375 1619 4439 suis
1680 4374 2008 4439 heredibus
2063 4374 2413 4458 promeruit
2473 4372 2780 4457 agregari,
2844 4370 3084 4455 sibique

357 4460 755 4544 privilegium
799 4463 1121 4528 civilitatis
1170 4464 1569 4528 Venetiarum
1619 4462 1794 4528 bulla
1840 4462 2034 4543 ipsius
2080 4461 2309 4525 domini
2357 4460 2530 4525 ducis
2577 4461 2872 4543 argentea
2917 4476 3084 4523 com-

357 4548 669 4614 munitum
719 4550 931 4616 extitit
974 4552 1049 4616 de
1091 4551 1222 4616 sola
1265 4551 1461 4634 ipsius
1522 4550 1779 4614 dominii
1850 4547 2275 4614 munificentia
2343 4547 2679 4631 gratiosius
2726 4545 3082 4629 elargitum,

358 4637 539 4717 prout
580 4637 644 4701 in
689 4636 868 4702 libris
936 4638 1308 4703 cancellarie
1385 4640 1591 4701 nostre
1653 4638 1959 4721 reperitur
2017 4634 2373 4700 distinctius
2434 4636 2823 4700 annotatum.
2905 4631 3086 4696 Nunc

359 4724 568 4786 autem
614 4723 980 4807 magnificus
1027 4727 1309 4791 dominus
1369 4724 1675 4811 Georgius
1750 4723 2116 4800 Strazimiri‚
2188 4718 2476 4787 dominus
2552 4723 2742 4787 Zente
2810 4719 2876 4784 et
2943 4721 3081 4792 cet„
