3620 5282
3003 285 3133 350 337

644 458 1318 542 CCCCLXXIX.
1371 457 1579 542 θοὰ.
1632 459 1865 542 1394.
1920 459 2023 543 28
2076 461 2364 563 rnjna,
2415 482 2475 542 ιι
2528 459 2923 543 Mletcih.

608 602 938 668 Provisum
970 619 1081 685 pro
1109 602 1572 685 recuperatione
1599 601 1953 666 animarum
1986 603 2307 683 captarum
2341 620 2449 685 per
2473 602 2778 685 quendam
2809 601 3124 666 Turchum

400 689 476 755 de
520 688 878 755 fiuminaria
924 708 973 752 s.
1019 688 1212 754 Sercii
1261 689 1575 774 (Bojana).
1622 689 2138 769 Vicecapitaneus
2171 689 2381 773 culphi
2414 708 2558 755 cum
2593 689 2797 754 baiulo
2827 690 3123 754 Durachii

397 779 463 843 et
520 776 962 861 supracomitis
1029 777 1254 855 videat,
1325 778 1378 840 si
1440 776 1747 860 Georgius
1813 776 2161 841 Stracimiri
2228 780 2439 859 posset
2500 795 2868 860 recuperare
2915 777 3124 842 locum

401 863 667 946 Scutari,
716 869 779 930 et
825 866 888 929 in
935 882 1084 929 casu
1130 882 1250 947 quo
1319 866 1438 930 hoc
1505 864 1665 928 foret
1731 865 2050 947 possibile,
2115 866 2297 929 cauto
2357 864 2538 930 modo
2603 863 2882 930 notificet
2927 865 3004 941 ei,
3057 867 3128 930 ut

398 953 598 1036 possit
673 971 815 1018 cum
881 970 992 1016 suo
1052 952 1281 1017 auxilio
1342 950 1529 1016 finem
1593 951 1906 1034 consequi.
1967 950 2259 1016 Castrum
2330 950 2529 1017 Alesii
2589 952 2991 1035 provideatur
3054 952 3129 1017 de

399 1040 742 1106 castellano
788 1038 1144 1105 sufficienti.
1192 1038 1454 1122 Bajulus
1500 1038 1800 1103 Durachii
1850 1040 2120 1120 reperiat
2180 1057 2371 1122 usque
2418 1039 2494 1104 ad
2538 1046 2675 1105 octo
2707 1043 3014 1119 austures,
3055 1044 3128 1105 ut

400 1129 640 1210 possint
706 1127 1048 1209 presentari
1109 1144 1261 1191 novo
1321 1126 1567 1190 domino
1630 1124 1893 1205 Tunisii,
1956 1127 2063 1209 qni
2131 1124 2275 1189 illos
2348 1146 2457 1209 per
2517 1127 2830 1191 consulem
2895 1129 3123 1209 querit.

400 1213 628 1282 Comiti
675 1215 977 1280 Nichetae
1010 1216 1073 1278 et
1097 1232 1208 1279 suo
1248 1230 1460 1278 socero
1502 1211 1756 1278 Comino
1788 1213 2015 1278 dentur
2046 1213 2200 1278 duae
2233 1215 2445 1295 peciae
2477 1232 2821 1295 pannorum
2851 1214 3127 1279 florenti-

397 1322 617 1368 norum
676 1302 903 1368 valoris
968 1302 1105 1366 duc.
1174 1300 1365 1366 CXX.
1423 1300 1615 1365 Talea
1675 1301 1823 1365 data
1871 1299 2165 1366 Dimitrio
2225 1300 2467 1365 Jonena
2537 1301 2908 1366 ducatorum
2971 1303 3124 1382 300,

399 1391 542 1473 quia
588 1391 973 1455 incessanter
1016 1387 1289 1453 destruit
1334 1388 1725 1456 territorium,
1764 1387 2088 1453 Durachii.

484 1498 666 1558 Misia·
712 1496 876 1556 XLI
882 1492 974 1558 II.
1021 1497 1127 1566 29,
1172 1513 1214 1555 ιι
1258 1496 1414 1559 mlet.
1465 1497 1703 1557 arkivu.

587 1680 1208 1767 ccchXXX.
1244 1682 1453 1766 flod.
1505 1684 1738 1767 1394.
1790 1683 1898 1766 30
1942 1685 2400 1786 listopada‚
2448 1707 2508 1767 ιι
2544 1685 2940 1769 Mletcih.

609 1823 812 1905 Quum
860 1825 1099 1908 piratae
1145 1826 1345 1891 multa
1381 1826 1608 1890 damna
1652 1824 1921 1891 inferant
1965 1826 2229 1910 navigiis
2274 1827 2744 1892 transeuntibus
2794 1845 2904 1909 per
2928 1844 3120 1905 mare,

402 1915 466 1978 et
516 1913 651 1996 „illi
694 1912 771 1978 de
817 1914 1070 1979 Aurana
1115 1917 1265 1979 sunt
1312 1912 1475 1978 male
1516 1912 1806 1996 dispositi
1854 1915 2069 1979 contra
2113 1914 2278 1979 cives
2341 1918 2405 1978 et
2459 1915 2675 1979 fideles
2746 1917 3008 1990 nostros,
3058 1915 3122 1977 et

399 2000 524 2066 iam
569 2004 862 2084 ceperunt
908 2001 1229 2084 navigium
1261 2000 1531 2066 Nicoleti
1562 2001 1907 2080 TrivisanO,
1942 2021 2124 2084 quem
2158 2000 2601 2067 interfecerunt
2637 2001 3113 2084 „deliberatum‚

400 2091 557 2172 quod
605 2089 812 2155 subito
857 2090 1138 2153 armetur
1178 2107 1302 2153 una
1349 2087 1530 2172 galea
1559 2090 1832 2167 subtilis,
1867 2091 1933 2154 et
1963 2091 2097 2154 eius
2129 2091 2590 2173 supracomitus
2630 2092 2928 2173 tanquam
2960 2090 3124 2154 vice-

400 2178 758 2261 capitaneus
800 2176 1014 2259 culphi
1059 2179 1236 2241 exeat
1282 2176 1357 2240 ad
1404 2177 1894 2259 persequendum
1935 2176 2077 2241 illos
2109 2178 2581 2242 damnificantes
2633 2178 2799 2243 cives
2846 2180 3118 2256 venetoS,

406 2265 774 2345 „nutriendo
821 2283 887 2328 se
933 2265 995 2328 in
1042 2264 1321 2347 partibus
1364 2261 1686 2329 Sclavenie
1748 2268 1814 2329 et
1872 2264 2227 2347 specialiter
2288 2264 2558 2345 Aurane,
2623 2265 2822 2330 dando
2867 2282 3120 2346 operam
3201 2315 3208 2318 „

392 2355 513 2419 sibi
560 2355 859 2436 quantum
906 2351 1050 2435 plus
1100 2351 1326 2433 poterit
1371 2353 1446 2416 de
1493 2352 1945 2417 damnificando
1989 2352 2135 2417 illos
2182 2352 2258 2416 de
2288 2350 2603 2419 Aurana.“
2654 2352 2807 2432 Quia
2841 2369 2984 2417 vero
3018 2351 3117 2415 illi

393 2443 467 2506 de
513 2437 839 2505 Sclavenia
884 2441 1363 2522 conqueruntur,
1413 2440 1573 2521 quod
1619 2441 1815 2504 nostri
1857 2440 1985 2504 illis
2019 2440 2273 2522 rapiunt
2301 2440 2615 2518 animalia,
2653 2442 2923 2522 captum,
2959 2439 3118 2523 quod
3197 2443 3224 2470 ‘⁴

392 2527 848 2612 supracomitus
880 2526 1087 2591 solvat
1132 2526 1425 2591 ducatum
1473 2527 1746 2592 medium
1791 2545 1901 2609 pro
1946 2527 2226 2609 quolibet
2262 2527 2519 2593 animali
2566 2528 2828 2605 minuto,
2896 2528 2961 2592 et
3007 2544 3116 2608 pro

392 2634 610 2702 grosso
657 2616 911 2681 ducatos
958 2614 1246 2698 quinque.
1297 2611 1671 2697 capitaneus
1717 2614 1925 2698 culphi
1974 2618 2117 2681 ante
2147 2633 2326 2682 suain
2360 2616 2778 2682 reversionem
2813 2614 3109 2680 Venetias

391 2706 576 2770 vadat
621 2704 719 2768 vel
768 2704 989 2771 mittat
1032 2702 1276 2785 galeam
1322 2702 1397 2765 ad
1444 2705 1648 2784 partes
1695 2701 2006 2782 Auranae‚
2056 2706 2119 2767 et
2164 2708 2450 2785 procuret
2522 2704 2918 2768 damnificare
2968 2702 3113 2767 illos

381 2792 470 2858 -de
514 2791 787 2869 Aurana,
824 2793 889 2855 et
919 2790 997 2855 ab
1029 2789 1158 2853 illis
1190 2790 1263 2853 de
1299 2788 1572 2854 Sibinico
1605 2791 1670 2854 et
1699 2791 1839 2855 aliis
1872 2791 2443 2856 damnificatoribus
2472 2792 2762 2874 procuret
2794 2791 3117 2854 emendam

396 2884 460 2945 et
504 2878 996 2945 satisfactionem
1045 2879 1433 2941 damnorum.
1481 2876 1564 2941 Et
1608 2896 1794 2959 super
1840 2877 2005 2941 facto
2054 2878 2314 2942 istarum
2342 2879 2714 2955 novitatum,
2743 2895 2897 2961 quae
2947 2894 3116 2942 com-

400 2967 627 3033 missae
672 2971 817 3031 sunt
863 2969 930 3031 et
971 2964 1447 3029 committantur
1492 2984 1600 3047 per
1643 2964 1787 3029 illos
1840 2963 1915 3028 de
1962 2964 2229 3041 Aurana,
2280 2967 2352 3029 ut
2398 2966 2518 3048 ipsi
2562 2984 2628 3030 se
2676 2966 3035 3030 removeant
3079 2982 3118 3028 a

395 3073 509 3120 sua
554 3072 746 3139 prava
790 3054 1131 3118 intentione
1182 3052 1573 3125 „scribantur
1621 3052 1801 3116 litere
1846 3051 2099 3116 domino
2145 3053 2274 3134 regi
2321 3052 2669 3135 Hungarie,
2717 3056 2780 3116 et
2825 3051 3118 3116 similiter

396 3142 826 3207 communitati
874 3139 1063 3206 Jadre
1108 3142 1171 3204 et
1218 3137 1508 3219 Sibenici‚
1555 3157 1818 3221 quorum
1864 3138 2098 3204 subditi
2145 3139 2433 3204 videntur
2478 3139 2669 3204 fuisse
2716 3140 3023 3205 fauctores
3056 3143 3118 3203 et

398 3230 730 3313 participes
775 3227 927 3293 dicti
974 3244 1262 3292 excessus
1315 3231 1382 3292 et
1426 3226 1629 3309 prede,
1680 3227 1741 3291 in
1789 3225 1919 3291 illis
1964 3225 2202 3304 formis,
2252 3246 2369 3309 que
2417 3227 2792 3293 videbuntur
2821 3226 3114 3303 dominic,

399 3318 469 3381 ut
512 3317 849 3382 Jadrenses
896 3317 961 3380 et
1004 3314 1396 3381 Sibenicense
1436 3315 1625 3379 etiam
1671 3314 1945 3380 habeant
2011 3332 2260 3379 causam
2324 3314 2700 3397 providendi,
2780 3315 2943 3396 quod
3012 3333 3118 3396 per

392 3405 863 3470 subditos-suos
910 3403 1064 3468 talia
1109 3421 1228 3468 non
1275 3403 1818 3468 committantur&
3159 3414 3166 3419 ’

475 3512 657 3573 Misti
699 3508 961 3574 XLIII.
1009 3513 1114 3581 34,
1160 3527 1202 3569 ιι
1245 3511 1403 3570 mlet.
1452 3511 1686 3570 arkivu.

600 3750 1263 3836 CCCCLXXXI.
1321 3750 1527 3834 (iod.
1588 3749 1817 3835 1394.
1841 3752 1884 3832 1
1921 3752 2359 3852 proeium,
2404 3773 2463 3832 ιι
2511 3750 2901 3834 Mletclh.

596 3892 757 3973 Quia
804 3892 1179 3960 castellanus
1226 3890 1423 3956 Alesii
1475 3893 1659 3958 debet
1705 3892 1907 3956 facere
1949 3891 2262 3972 justitiam
2310 3892 2372 3955 in
2424 3892 2714 3956 civilibus
2784 3896 2848 3955 et
2895 3892 3110 3957 crimi-

384 3982 654 4061 nalibuS,
700 3987 765 4048 et
810 3983 1056 4064 exigere
1104 3981 1430 4061 pecuniam
1478 3980 1846 4057 communis,
1911 3980 2045 4043 ideo
2100 3982 2376 4062 captum,
2422 3980 2581 4061 quod
2648 3979 2870 4044 debeat
2930 3978 3105 4061 elligi

384 4088 490 4152 per
531 4069 687 4134 duas
735 4087 954 4134 manus
1019 4068 1417 4133 ellectionum
1481 4068 1544 4131 in
1608 4066 1830 4131 maiori
1888 4066 2164 4145 consilio,
2225 4067 2392 4131 sicut
2456 4067 2562 4130 alii
2628 4069 2920 4143 rectoreS,
2984 4068 3112 4130 stet

382 4157 541 4222 duos
583 4175 797 4235 annm,
844 4160 910 4222 et
953 4155 1182 4220 habeat
1226 4156 1302 4219 de
1342 4154 1568 4219 salario
1615 4154 1701 4217 22
1747 4154 1940 4219 libras
1988 4171 2341 4237 grossorum
2394 4154 2453 4216 in
2492 4172 2673 4230 anne,
2720 4153 2987 4218 tenendo
3033 4155 3110 4218 ad

380 4263 524 4310 suas
576 4263 874 4329 expensas
919 4244 1075 4309 duos
1123 4241 1391 4307 famulos
1440 4243 1505 4307 et
1551 4261 1742 4307 unum
1776 4242 2109 4306 notarium.
2739 4242 2742 4245 ’

464 4354 646 4413 nisti
691 4350 953 4414 XLIII.
1003 4353 1106 4423 36,
1154 4369 1199 4411 ιι
1239 4351 1392 4411 mlet.
1442 4350 1674 4410 arkivu.

462 4782 646 4835 srox.
691 4783 775 4835 rr.
2794 4762 2882 4831 22
