3620 5282
582 332 716 402 352

586 511 759 577 tinuo
806 512 892 576 sit
938 511 1081 577 boni
1126 508 1317 576 animi
1359 511 1422 575 et
1468 510 1815 576 constantis
1883 509 1961 576 ad
2009 508 2496 576 conservandum
2554 528 2620 574 se
2684 509 2752 574 et
2811 507 2948 574 loca
3006 525 3122 573 sua
3165 523 3311 590 pre-

591 599 760 664 dicta
806 602 871 663 et
914 599 1124 663 omnia
1170 598 1294 663 alia
1339 601 1404 662 et
1448 598 1524 662 ad
1561 596 1912 663 faciendum
1960 598 2144 681 ipsa
2142 599 2297 663 bene
2366 601 2431 662 et
2492 596 2761 662 fideliter
2821 593 3142 668 custodiri,
3206 593 3303 658 ita

583 687 740 768 quod
791 704 910 750 non
955 687 1355 768 pervenirent
1396 685 1475 749 ad
1523 703 1745 750 manus
1793 684 2175 760 infidelium3
2224 688 2289 749 et
2344 687 2398 749 si
2444 703 2553 767 per
2599 684 2873 767 aliquem
2919 700 3153 760 casum,
3203 676 3312 763 qui

585 775 659 838 de
697 791 851 839 novo
896 772 1338 855 superveniret,
1379 776 1799 856 cognosceret,
1848 773 2009 856 quod
2056 790 2380 855 possemus
2441 772 2565 838 sibi
2610 773 2675 836 in
2720 773 2933 854 aliquo
2980 769 3314 835 subvenire

580 862 690 925 aut
732 861 807 925 de
856 859 1226 925 ballistariis
1272 862 1337 926 et
1380 861 1675 943 gentibus
1724 863 1954 925 nostris
2002 859 2446 943 procustodia
2490 865 2555 925 et
2611 859 2968 925 defensione
3024 857 3306 922 locorum

579 950 689 1012 aut
732 946 935 1026 aliter,
983 951 1048 1013 et
1091 951 1437 1013 recurreret
1479 947 1558 1012 ad
1609 966 1738 1025 nos,
1787 965 1906 1011 non
1954 948 2373 1029 relinquemus
2421 966 2563 1012 eum
2610 949 2674 1012 in
2718 946 2860 1022 hiis,
2889 964 3007 1029 que
3039 944 3300 1009 honeste

580 1035 937 1117 poterimus.
981 1036 1076 1100 De
1122 1040 1296 1118 parte
1328 1036 1388 1101 2.
1437 1033 1623 1112 Nota,
1674 1035 1834 1117 quod
1868 1033 2179 1099 residuum
2210 1036 2390 1100 istius
2422 1036 2620 1118 partis
2652 1037 2751 1099 est
2784 1034 2844 1099 in
2869 1034 3027 1099 libro
3056 1033 3300 1098 secreto

584 1124 938 1205 rogatorum
990 1123 1066 1188 ad
1118 1124 1330 1188 kartas
1384 1123 1509 1187 120
1553 1123 1617 1186 in
1664 1123 1861 1188 latere
1908 1123 2125 1187 altero.

533 1281 543 1291 ‚
795 1210 909 1275 Ser
953 1209 1237 1276 Andreas
1299 1208 1645 1276 Centareno
1691 1210 1937 1291 sapiens
2005 1211 2290 1274 ordinum
2351 1208 2623 1286 volebat,
2686 1210 2847 1291 quod
2893 1211 3109 1307 posset
3154 1224 3307 1271 con-

586 1295 755 1361 cludi
803 1316 946 1361 cum
996 1298 1135 1362 istis
1181 1297 1737 1363 ambassiatoribus
1782 1296 2014 1362 domini
2060 1296 2314 1380 Georgii
2372 1295 2743 1373 Stracimiri,
2806 1295 2912 1379 qui
2972 1295 3072 1360 hic
3128 1296 3303 1370 sunt,

590 1403 733 1448 cum
782 1384 910 1449 illis
953 1386 1315 1451 melioribus
1383 1386 1579 1469 pactis
1639 1387 1705 1449 et
1764 1384 2250 1462 condicionibus,
2312 1402 2432 1467 que
2495 1385 2788 1467 poterunt
2833 1382 3136 1459 obtineri3
3187 1399 3312 1446 non

593 1470 930 1574 obligando
978 1491 1089 1538 nos
1134 1474 1208 1537 de
1254 1473 1451 1538 dando
1499 1471 1620 1537 sibi
1665 1472 1938 1556 aliquam
1987 1472 2435 1555 provisionem3
2513 1475 2579 1538 et
2644 1471 2700 1536 si
2748 1472 2977 1556 poterit
3022 1467 3314 1535 concludi

590 1577 735 1624 cum
782 1561 874 1624 eis
919 1578 1029 1642 per
1073 1561 1324 1625 modum
1370 1560 1745 1642 predictum,
1779 1578 1855 1626 ex
1902 1578 2062 1624 nunc
2108 1558 2244 1624 fieri
2290 1557 2515 1624 debeat
2575 1558 2689 1625 illa
2749 1558 3077 1643 quantitas
3124 1556 3319 1622 balli-

586 1646 940 1726 stariorum,
989 1666 1106 1731 que
1153 1646 1468 1713 videbitur
1510 1647 1772 1729 collegio
1819 1646 2133 1712 sufficiens
2176 1645 2257 1710 ad
2303 1646 2650 1713 custodiam
2707 1646 2900 1712 castri
2947 1644 3202 1713 Scutari
3248 1646 3317 1709 et

586 1733 887 1809 Drivasti,
933 1753 1042 1817 per
1082 1732 1261 1799 illum
1311 1735 1554 1800 modum
1605 1738 1668 1799 et
1713 1753 1857 1800 cum
1906 1735 2013 1799 illo
2061 1735 2232 1799 soldo
2280 1736 2346 1799 et
2405 1733 2880 1808 conditionibus,
2958 1737 3079 1817 que
3142 1732 3313 1797 dicto

584 1820 848 1905 collegio
894 1821 1290 1900 videbuntur,
1332 1823 1635 1888 mittendo
1679 1822 1848 1905 ipsos
1880 1823 2089 1887 nostro
2123 1822 2370 1887 nomine
2415 1824 2480 1887 et
2523 1821 2601 1887 ad
2646 1821 3116 1905 requisitionem
3150 1820 3308 1884 dicii

585 1908 819 1973 domini
864 1907 1135 1992 Georgii,
1183 1912 1255 1974 ut
1298 1909 1431 1974 loca
1476 1909 1607 1974 sint
1653 1908 1717 1974 in
1764 1910 2053 1976 manibus
2099 1909 2349 1975 nostris.
2393 1909 2475 1974 Et
2534 1908 2788 1974 interim
2852 1909 3023 1973 mitti
3082 1907 3311 1973 debeat

583 1998 649 2060 et
681 1996 982 2078 provideri
1020 1998 1094 2060 de
1138 1997 1521 2062 ambassiata
1564 1999 1629 2062 et
1672 2000 1815 2074 cet„
1864 1998 2025 2062 sicut
2068 1997 2134 2061 in
2169 1998 2415 2062 residuo
2447 1995 2645 2080 partis
2683 1996 2990 2066 sociorum
3036 1995 3106 2059 in
3150 1995 3314 2060 libro

585 2082 783 2148 altero
832 2083 1203 2148 continetur.
1254 2086 1346 2150 De
1394 2086 1567 2166 parte
1604 2085 1667 2148 3.

796 2169 909 2236 Ser
954 2171 1175 2236 Petrus
1226 2171 1550 2254 Mocenigo
1596 2173 1976 2252 procurator,
2042 2189 2144 2236 ser
2211 2169 2484 2235 Michael
2544 2167 2733 2236 Steno
2777 2160 3158 2253 procurator,
3206 2189 3308 2235 ser

585 2256 817 2322 Paulus
862 2257 1080 2323 Mauro
1127 2258 1329 2336 miles,
1380 2277 1478 2322 ser
1526 2257 1777 2323 Marcus
1824 2257 1997 2323 Geno
2043 2259 2111 2322 et
2146 2276 2247 2322 ser
2293 2257 2669 2324 Benedictus
2702 2256 3101 2341 Superancio,
3141 2257 3308 2341 sapi-

584 2350 761 2410 entes
804 2345 1067 2410 consilii.
1117 2343 1277 2424 Quia
1319 2352 1603 2428 respectu
1650 2343 1901 2410 termini
1948 2347 2014 2409 et
2058 2345 2449 2424 conditionis,
2495 2346 2560 2411 in
2604 2363 2727 2429 qua
2794 2365 2905 2412 nos
2956 2346 3298 2428 reperimus

583 2431 660 2496 ad
686 2450 956 2515 presenS,
983 2434 1047 2496 et
1069 2450 1298 2510 eorum,
1327 2451 1444 2514 que
1467 2433 1771 2499 habemus
1795 2431 1997 2497 facere
2022 2436 2087 2497 et
2110 2434 2382 2498 tractare
2408 2452 2517 2516 per
2549 2436 2827 2498 nostram
2859 2433 3304 2499 ambassiatam

584 2537 727 2584 cum
771 2520 1041 2603 Basayto
1085 2523 1150 2584 et
1194 2519 1411 2585 multis
1458 2520 1598 2585 aliis
1644 2519 2030 2602 respectibus
2077 2523 2142 2584 et
2188 2520 2660 2597 conditionibuS,
2713 2538 2835 2586 non
2906 2523 3074 2586 esset
3121 2519 3300 2585 modo

585 2609 835 2690 tempus
903 2607 1121 2690 aptum
1182 2606 1261 2672 ad
1321 2607 1770 2673 attendendum
1834 2607 1911 2672 ad
1972 2608 2097 2672 ista
2141 2605 2310 2672 facta
2356 2607 2606 2711 Georgii
2647 2574 3043 2686 ’Stracimiri3
3127 2607 3297 2674 vadit

584 2713 744 2776 parS,
794 2694 957 2777 quod
1003 2696 1445 2777 respondeatur
1490 2696 1618 2760 suis
1657 2695 2236 2772 ambassiatoribus,
2307 2697 2413 2777 qui
2473 2696 2573 2761 hic
2619 2696 2789 2773 sunt,
2837 2696 3004 2780 quod
3053 2715 3162 2762 nos
3211 2695 3296 2760 vi·

585 2780 802 2846 demus
870 2783 1096 2847 bonam
1173 2782 1640 2865 dispositionem
1711 2783 1776 2848 et
1845 2783 2225 2849 voluntatem
2302 2783 2540 2849 domini
2594 2785 2691 2849 sui
2743 2785 2820 2849 ad
2890 2787 3132 2849 nostros
3197 2783 3316 2846 ho-

588 2886 786 2948 nores,
836 2870 911 2934 de
957 2887 1074 2952 quo
1121 2870 1541 2952 regraciamur
1588 2870 1709 2935 sibi
1754 2871 1911 2936 satis
1953 2873 2021 2935 et
2065 2889 2176 2935 nos
2221 2869 2535 2936 offerimus
2568 2874 2644 2936 ad
2692 2890 2784 2947 ea,
2832 2890 2951 2955 que
2984 2888 3312 2954 possemus

586 2955 791 3021 facere
866 2958 931 3021 in
1010 2955 1301 3022 honorem
1381 2960 1446 3021 et
1514 2960 1751 3021 statum
1828 2976 2010 3022 suum
2076 2961 2402 3040 tamquam
2450 2958 2758 3025 carissimi
2802 2959 2992 3024 amici
3038 2961 3104 3024 et
3151 2958 3311 3023 civis

591 3044 807 3122 nostri,
856 3051 1164 3127 rogantes,
1208 3043 1368 3126 quod
1417 3063 1535 3110 non
1582 3047 1890 3129 gravetur,
1938 3046 1992 3108 si
2035 3063 2155 3109 non
2201 3044 2586 3111 attendimus
2628 3054 2741 3128 pr'o
2789 3064 2951 3111 nunc
2980 3045 3056 3111 ad
3093 3063 3315 3129 accep-

590 3132 853 3196 tandum
901 3131 1052 3209 loca,
1101 3151 1217 3214 que
1264 3132 1441 3197 nobis
1488 3131 1687 3209 offert,
1751 3132 1896 3215 quia
1966 3133 2126 3197 bona
2188 3149 2375 3198 causa
2441 3151 2551 3198 nos
2627 3133 2906 3209 inducit3
2974 3134 3310 3198 suademus

588 3219 798 3283 tamen
845 3221 1142 3301 quantum
1186 3220 1417 3284 scimus
1462 3223 1527 3284 et
1565 3236 1915 3300 possumus,
1960 3220 2120 3301 quod
2169 3220 2255 3284 sit
2299 3221 2643 3286 constantis
2690 3223 2755 3285 et
2801 3220 2945 3286 boni
2991 3221 3190 3285 animi
3234 3220 3316 3285 ad

587 3304 922 3370 tenendum
968 3309 1033 3369 et
1077 3307 1561 3371 conservandum
1608 3305 1730 3371 sibi
1777 3305 1909 3385 illa,
1959 3306 2105 3388 quia
2148 3325 2470 3389 speramus
2511 3309 2575 3372 in
2622 3304 2835 3373 divina
2875 3308 3101 3391 gratia,
3150 3309 3318 3390 quod

588 3392 664 3458 de
736 3393 903 3457 brevi
973 3394 1394 3475 providebitur
1456 3412 1643 3476 super
1709 3393 1853 3458 istis
1925 3392 2108 3459 factis
2153 3413 2261 3476 per
2307 3396 2581 3471 modum,
2653 3396 2815 3477 quod
2862 3413 2984 3459 non
3030 3395 3155 3461 erit
3201 3414 3308 3461 ex-

587 3478 861 3562 pediens,
911 3480 1070 3562 quod
1115 3483 1295 3545 exeat
1342 3482 1415 3544 de
1470 3481 1624 3545 locis
1665 3484 1813 3559 suis,
1879 3481 2221 3547 lutanando
2265 3500 2332 3547 se
2377 3501 2416 3547 a
2461 3482 2629 3548 facto
2674 3500 2818 3548 cum
2863 3483 3004 3548 istis
3051 3483 3117 3547 et
3156 3481 3303 3549 aliis

589 3566 821 3631 dextris
867 3566 1087 3645 verbis,
1135 3567 1474 3633 secundum
1520 3568 1680 3653 quod
1723 3568 1994 3634 dominio
2040 3569 2388 3652 apparebit.
2440 3570 2531 3634 De
2576 3574 2750 3652 parte
2796 3570 3082 3635 26-31,

801 3670 916 3735 Ser
959 3671 1227 3737 Blancus
1274 3673 1499 3749 Barbo,
1539 3690 1640 3737 ser
1686 3671 1990 3757 Georgius
2035 3672 2395 3739 Lauredano
2441 3675 2802 3740 consiliarii.
2866 3672 3097 3757 Capta:
3146 3674 3316 3755 Quia

590 3757 860 3823 multum
905 3759 1347 3823 comendabilis
1393 3763 1459 3823 et
1502 3760 1748 3843 sapiens
1795 3780 1896 3825 res
1944 3763 2042 3826 est
2080 3761 2404 3843 providere
2450 3762 2515 3826 in
2561 3762 2764 3838 rebuS,
2813 3780 2932 3845 que
2971 3768 3319 3830 occurrunt

589 3846 925 3911 secundum
972 3844 1350 3912 conditiones
1398 3851 1462 3912 et
1508 3848 1838 3912 varietates
1884 3851 2255 3930 temporum,
2325 3853 2388 3914 et
2452 3849 2615 3914 sicut
2677 3852 2894 3915 notum
2938 3853 3057 3930 est,
3103 3854 3314 3917 consi-

591 3932 807 3997 derata
851 3932 1200 3997 conditione
1245 3934 1514 4016 partium
1563 3938 1628 3998 et
1671 3933 1944 4000 locorum
1998 3937 2419 4001 subiectorum
2465 3937 2709 4003 domino
2755 3935 3027 4019 Georgio
3061 3938 3311 4005 Straci-

592 4021 757 4102 miri,
803 4019 907 4102 qui
955 4038 1020 4084 se
1066 4019 1248 4086 offert
1295 4040 1402 4103 per
1435 4039 1578 4086 suos
1609 4023 2088 4087 ambassiatores
2121 4024 2299 4088 nobis
2329 4024 2474 4088 dare
2506 4025 3016 4089 communitatem
3053 4024 3311 4093 Scutari

592 4110 659 4172 et
714 4106 977 4189 quedam
1046 4108 1171 4172 alia
1216 4109 1352 4173 loca
1418 4126 1548 4186 sua,
1612 4114 1712 4174 est
1772 4111 2136 4192 superinde
2161 4111 2379 4175 multis
2435 4110 2818 4195 respectibus
2876 4113 3318 4195 vigilandum3

589 4194 760 4260 vadit
803 4213 963 4276 pars,
1012 4194 1210 4277 quod
1194 4216 1255 4260 ιιι
1285 4196 1443 4260 bona
1476 4197 1683 4278 gratia
1706 4197 2042 4280 incipiatur
2071 4180 2152 4261 ad
2177 4198 2568 4263 tractandum
2600 4217 2741 4263 cum
2776 4198 2930 4280 ipsis
2960 4201 3315 4268 ambassia-

589 4282 831 4346 toribus
876 4282 951 4347 de
997 4282 1348 4364 accipiendo
1394 4301 1505 4366 pro
1545 4286 1754 4349 nostro
1799 4283 2073 4349 dominio
2117 4284 2350 4351 dictam
2396 4287 2911 4351 communitatem
2957 4289 3023 4352 et
3052 4288 3211 4367 loca,
3241 4291 3314 4355 et

590 4370 929 4452 praticetur
973 4373 1039 4434 et
1083 4371 1383 4434 tractetur
1427 4388 1609 4452 super
1655 4371 1790 4449 hoc,
1840 4372 2003 4436 sicut
2047 4372 2272 4437 melius
2335 4374 2400 4437 et
2457 4373 2729 4438 securius
2791 4373 3121 4453 videbitur,
3188 4395 3314 4443 non

592 4456 1009 4522 concludendo
1076 4457 1208 4522 ullo
1275 4456 1453 4521 modo
1515 4457 1752 4539 aliquid
1805 4458 2155 4542 superinde,
2212 4460 2318 4525 sed
2380 4460 2585 4542 potius
2645 4458 2930 4525 veniatur
2995 4462 3074 4526 ad
3139 4462 3319 4529 istud

591 4543 918 4607 consilium
980 4562 1123 4610 cum
1184 4563 1272 4623 eo,
1337 4545 1500 4626 quod
1560 4544 1911 4623 habebitur,
1973 4549 2047 4610 ut
2104 4546 2448 4612 diffiniatur
2494 4545 2658 4612 sicut
2717 4547 2944 4613 melius
2984 4548 3313 4617 videbitur

589 4647 714 4779 {go-
754 4631 906 4796 lano
922 4634 1019 4782 ἐι
1057 4631 1285 4697 honore
1331 4632 1524 4697 nostri
1565 4632 1845 4698 dominii.
1894 4631 1993 4698 De
2038 4635 2215 4716 parte
2258 4635 2364 4713 42,
2411 4633 2517 4714 48,
2566 4635 2640 4700 de
2682 4653 2802 4699 non
2865 4635 2928 4713 8,
2988 4654 3111 4701 non
3171 4637 3314 4703 sin-

664 4735 718 4779 n

676 4820 896 4883 senato
938 4823 1120 4886 meti
1167 4824 1430 4889 XLIII.
1476 4827 1579 4903 98,
1626 4843 1671 4889 u
1712 4828 1869 4891 meet.
1917 4827 2153 4890 arm.
