3620 5282
459 370 544 436 38

457 549 520 611 et
583 564 724 610 cum
786 543 898 608 illa
959 541 1410 620 commissione,
1477 560 1593 623 que
1655 540 1743 604 eis
1812 538 2120 604 videbitur
2169 539 2260 603 vel
2314 537 2526 603 maiori
2575 537 2756 621 parti,
2802 536 2871 604 'et
2918 539 2997 603 ad
3045 538 3187 603 illas

458 634 686 717 parteS‚
749 649 863 714 que
927 630 1014 694 eis
1063 629 1449 705 videbuntur,
1511 648 1616 710 pro
1658 628 1817 693 bono
1871 627 2036 704 facti,
2086 628 2149 691 et
2194 626 2487 710 quicquid
2538 627 2765 691 factum
2832 627 3019 692 fuerit
3080 646 3190 710 per

458 740 561 873 eols
604 720 701 785 vel
747 718 1038 784 maiorem
1084 718 1343 801 partem,
1396 718 1479 780 sit
1528 716 1615 781 ita
1662 716 1932 791 firmum,
1984 733 2053 778 ao
2101 715 2153 779 si
2203 716 2361 779 foret
2407 715 2640 779 sactum
2685 734 2791 798 per
2843 715 3006 780 istud
3043 734 3195 780 con·

459 830 511 874 si
541 827 692 873 ium.

552 916 730 975 Misti
778 912 971 973 XXX
1018 915 1076 988 5,
1122 930 1162 971 u
1206 912 1364 972 mlet.
1412 912 1644 971 arkivu.

851 1103 1167 1186 Lxxl.
1223 1102 1429 1185 eoa.
1485 1102 1703 1185 1361.
1757 1102 1859 1185 25
1915 1103 2239 1204 srpnja,
2294 1124 2353 1183 u
2408 1058 2800 1183 anetem.

462 1248 688 1311 Ναῑαὲε
732 1265 794 1309 se
844 1244 1319 1315 Dubrovdanom,
1367 1247 1446 1305 da
1477 1250 1746 1319 povrate,
1793 1246 1881 1304 ἔίο
1928 1262 2001 1303 su
2047 1245 2186 1304 oceli
2219 1244 2504 1318 jednomu
2557 1239 2745 1302 brodu
2790 1243 3191 1313 ’vileid-leoena,

848 1337 869 1395 i
913 1336 994 1395 da
1035 1353 1097 1395 se
1143 1354 1183 1394 u
1228 1335 1499 1408 napreda
1544 1335 1807 1393 neusude
1857 1335 2071 1393 takova
2114 1334 2210 1392 §ta
2246 1350 2330 1405 po
2375 1350 2543 1391 ηιονα
2584 1332 2792 1393 radin.

683 1455 836 1521 1361
909 1455 1006 1519 die
1054 1455 1227 1518 XXV
1278 1454 1432 1520 iulii.
1497 1454 1710 1537 Capta.
1779 1454 1954 1533 Quod
2016 1454 2324 1517 scribatur
2386 1451 2512 1515 illis
2583 1453 2655 1515 de
2718 1452 3024 1534 Ragusio,
3093 1450 3190 1514 vel

465 1545 757 1610 mittatur
806 1563 964 1608 unus
1010 1544 1311 1617 notarius,
1359 1543 1523 1607 sicut
1572 1541 1792 1606 melius
1838 1542 2146 1606 videbitur
2192 1540 2579 1615 consiliariiS‚
2628 1540 2937 1621 capitibus
2984 1540 3045 1603 et
3091 1557 3193 1603 sa-

463 1633 775 1716 pientibus
822 1632 918 1695 vel
967 1630 1184 1694 maiori
1234 1632 1418 1713 parti,
1469 1630 1861 1712 aggravando
1924 1631 2225 1693 novitates
2273 1627 2468 1692 factas
2535 1647 2640 1709 per
2701 1646 2879 1691 suam
2943 1626 3188 1710 galeam

459 1724 674 1786 contra
718 1720 894 1784 illam
942 1722 1217 1782 nostram
1265 1717 1616 1791 conduram,
1652 1720 1716 1782 et
1738 1718 1814 1781 de
1860 1718 2001 1782 aliis
2048 1716 2429 1781 novitatibus
2478 1717 2655 1781 factis
2702 1735 2809 1798 per
2842 1734 2943 1780 eos
2976 1716 3191 1779 contra

463 1812 720 1886 nostr08,
770 1805 1074 1871 cumillis
1125 1806 1348 1880 verbis,
1399 1825 1514 1888 que
1561 1804 1954 1883 videbuntur,
2006 1811 2067 1869 et
2116 1805 2477 1886 requirendo
2524 1804 2846 1868 emendam
2896 1808 2959 1866 et
3006 1804 3192 1867 satis·

462 1895 799 1961 lactionem
836 1894 1046 1958 damni
1109 1897 1171 1956 et
1221 1894 1438 1957 iniurie
1486 1892 1664 1972 facte,
1729 1898 1791 1956 et
1838 1895 1994 1975 quod
2044 1893 2325 1956 ordinent
2373 1892 2599 1970 taliter,
2671 1891 2828 1973 quod
2876 1891 2949 1954 de
2990 1894 3193 1956 cetero

463 1983 710 2066 navigia
755 2001 867 2046 sua
910 1999 1030 2045 non
1078 1983 1439 2063 presumant
1486 1980 1735 2062 aliquod
1783 1982 2098 2064 navigium
2146 1984 2428 2044 nostrum
2483 1980 2577 2044 vel
2644 1978 2867 2043 havere
2926 1980 3193 2043 existens

463 2072 525 2135 in
575 2088 665 2149 eo,
710 2069 1005 2150 cuiusque
1052 2069 1153 2142 sit,
1203 2068 1420 2144 eundo,
1471 2068 1693 2132 stando
1741 2069 1838 2132 vel
1882 2069 2207 2136 redeundo.
2252 2067 2553 2131 offendere
2603 2065 2663 2130 in
2713 2065 2870 2129 mari
2936 2066 3030 2130 vel
3088 2085 3193 2148 per

461 2178 649 2235 mare,
700 2157 843 2240 quia
889 2157 1041 2220 bene
1088 2156 1307 2230 sciunt,
1351 2155 1511 2238 quod
1560 2156 1637 2220 ad
1687 2156 1881 2220 alium
1930 2156 2115 2220 finem
2188 2174 2302 2218 non
2367 2158 2648 2219 tenemus
2710 2155 2918 2237 galeas
2984 2153 3190 2236 culphi

462 2266 601 2311 cum
644 2245 835 2309 tantis
883 2244 1180 2325 expensiS,
1248 2244 1367 2308 nisi
1429 2246 1499 2307 nt
1563 2263 1772 2307 omnes
1826 2244 2066 2326 possint
2128 2243 2415 2325 navigare
2477 2261 2706 2307 secure.
2768 2243 2848 2306 Et
2909 2247 3073 2307 certe
3135 2242 3186 2303 si

461 2352 673 2398 omnes
723 2333 829 2397 alii
876 2333 950 2395 de
997 2333 1220 2396 mundo
1267 2332 1620 2396 debuissent
1677 2331 1831 2395 talia
1877 2333 2342 2413 presumpsisse,
2400 2330 2516 2412 ipsi
2568 2349 2691 2394 non
2753 2330 3060 2395 debebant
3123 2329 3185 2393 id

460 2421 677 2497 facere,
728 2418 1202 2499 consideranteS‚
1251 2437 1432 2502 quam
1483 2437 1772 2503 generose
1822 2422 2164 2483 tractantur
2206 2438 2314 2501 per
2348 2437 2492 2483 nos:
2541 2418 2797 2483 dicendo
2833 2418 2921 2482 eis
2952 2421 3181 2499 aperte,

459 2508 617 2590 quod
664 2526 776 2572 nec
822 2507 911 2570 eis
958 2525 1066 2569 nec
1113 2507 1251 2571 aliis
1299 2506 1471 2570 nullo
1520 2506 1696 2570 modo
1745 2507 2193 2581 tolleraremus,
2243 2508 2400 2588 quod
2452 2508 2700 2571 teneant
2747 2507 2810 2569 in
2861 2507 3017 2569 mari
3084 2523 3192 2569 na-

460 2596 624 2677 vigia
668 2594 743 2660 ad
790 2593 1084 2659 damnum
1132 2594 1226 2658 vel
1257 2593 1767 2675 impedimentum
1820 2596 2269 2677 navigantium.
2338 2595 2420 2659 Et
2466 2594 2638 2671 illud,
2705 2595 2860 2678 quod
2926 2592 3191 2658 dicimus

462 2685 535 2748 de
583 2684 691 2761 eie,
740 2681 830 2747 sic
875 2681 1135 2746 dicimus
1182 2682 1257 2746 de
1317 2683 1586 2748 inimicis
1633 2683 1880 2748 nostris.
1930 2683 2169 2748 Ultimo
2217 2683 2653 2757 concludendo,
2703 2681 2860 2764 quod
2923 2683 2977 2746 si
3036 2681 3191 2746 fece·

461 2772 587 2835 rint
626 2769 960 2836 secundum
1010 2771 1472 2852 requisitionem
1524 2773 1819 2840 nostram,
1871 2772 2049 2835 nobis
2084 2771 2371 2852 placebit,
2422 2771 2695 2852 alioquin
2736 2768 3193 2852 providebimus

460 2860 674 2924 contra
723 2877 824 2922 eos
871 2857 1034 2921 sicut
1078 2858 1288 2922 honori
1336 2862 1543 2924 nostro
1590 2863 1651 2921 et
1699 2858 2064 2924 condictioni
2116 2861 2288 2922 tante
2358 2858 2581 2922 iniurie
2649 2857 2986 2923 viderimus
3049 2876 3192 2921 con·

461 2946 687 3012 venire.
736 2946 820 3010 Et
864 2945 1216 3010 relaxentur
1263 2947 1384 3011 ista
1431 2946 1676 3028 navigia
1726 2949 1789 3008 et
1843 2966 1937 3011 res
1973 2948 2399 3028 Raguseorum
2448 2947 2548 3011 hic
2595 2949 2992 3030 sequestrate,
3040 2947 3190 3008 ‹lan-

462 3033 630 3097 tibus
679 3033 1001 3116 RaguseiS,
1052 3033 1155 3116 qui
1203 3039 1349 3098 sunt
1393 3034 1513 3111 hic,
1565 3035 1783 3108 bonam
1844 3034 2174 3116 plezariam
2222 3034 2299 3097 de
2356 3035 2563 3099 valore
2642 3033 2916 3098 omnium
2980 3051 3185 3097 rerum

458 3120 802 3185 ablatarum
846 3120 922 3185 de
970 3140 1154 3202 super
1204 3120 1489 3198 condura,
1536 3125 1600 3186 et
1644 3121 1905 3185 aliorum
1967 3124 2324 3186 damnorum
2391 3121 2859 3186 commissorum
2909 3140 3013 3203 per
3061 3138 3185 3195 eos,

369 3226 378 3236 ·
459 3209 524 3272 et
568 3209 642 3272 de
689 3208 957 3289 plezaria
1002 3212 1257 3291 accepta
1302 3210 1374 3272 de
1424 3209 1665 3290 navigio
1729 3228 1833 3290 per
1882 3228 2004 3288 eos,
2069 3213 2132 3274 et
2178 3209 2253 3273 de
2316 3211 2604 3274 solvendo
2664 3211 2738 3272 ad
2802 3207 3182 3273 voluntatem

457 3294 728 3359 dominii.
774 3295 882 3370 42,
931 3296 1003 3358 de
1052 3314 1168 3358 non
1223 3297 1276 3371 1,
1326 3314 1442 3359 non
1492 3295 1710 3361 sinceri
1756 3297 1819 3360 4.

542 3400 723 3460 Misce
772 3400 968 3460 XXX
1008 3404 1105 3471 10,
1153 3419 1192 3460 u
1237 3402 1388 3461 mlet.
1437 3404 1671 3464 arkivu.

459 3608 823 3691 LXXII.
882 3606 1087 3690 God.
1154 3608 1626 3713 (1356—61)
1702 3614 1785 3695 ll
1846 3613 2157 3714 lipnja‚
2214 3612 2389 3696 kod
2443 3614 2719 3694 mesta
2768 3612 3187 3696 Ronchio.

453 3754 832 3814 Namieslnik
868 3754 1162 3827 papinski
1201 3756 1341 3814 moli
1386 3758 1698 3829 republiku
1744 3760 2052 3828 οηὶεἰαόλτιι,
2100 3759 2253 3818 neka
2299 3758 2553 3831 biskupu
2590 3759 2905 3817 ninskomu
2931 3760 3188 3832 povrale',

1060 3843 1147 3901 §to
1195 3861 1293 3900 nm
1345 3846 1540 3917 njeze'n
1580 3848 1885 3917 pomorsket
1933 3849 2189 3918 Impelan
2240 3850 2362 3904 oleo
2409 3847 2578 3915 bjes'e.

672 3963 802 4043 (Ex
850 3964 1133 4047 tergo.)
1182 3964 1517 4048 Magnifico
1564 3969 1627 4031 et
1669 3967 1901 4050 potenti
1954 3969 2081 4033 viro
2127 3967 2375 4032 domino
2423 3967 2695 4032 Johanni
2746 3967 2988 4032 Dalfino
3049 3966 3188 4031 duci

457 4051 866 4117 venetiarum
916 4053 1125 4117 nostro
1171 4055 1515 4118 carissimo.

664 4138 877 4204 Abbas
927 4139 1348 4207 Clumacensis
1395 4142 1729 4224 apostolice
1787 4143 1949 4207 sedis
1999 4143 2241 4226 legatus
2306 4161 2377 4207 ac
2441 4144 2744 4206 terrarum
2804 4141 3065 4208 ecclesie
3131 4143 3192 4206 in

454 4222 639 4289 ltalia
676 4227 941 4291 vicarius
989 4228 1312 4312 generalia

673 4313 1008 4397 Magnifice
1068 4318 1133 4380 et
1189 4317 1385 4381 amice
1432 4318 1772 4383 carissime.
1838 4318 1934 4382 Ad
1999 4319 2315 4385 cumulum
2380 4319 2582 4383 vestre
2644 4318 2810 4382 cedit
2869 4318 3089 4383 salutis
3129 4319 3193 4382 et·

454 4394 637 4495 fame,
686 4400 739 4462 si
785 4419 1075 4481 personas
1121 4403 1575 4473 ecclesiasticas
1623 4408 1950 4488 presertim
2003 4407 2337 4489 pontificali
2384 4406 2694 4490 dignitate
2765 4405 3040 4488 preditas
3101 4407 3193 4469 di-

453 4500 592 4592 {1¹19
659 4487 1003 4554 maiestatis
1081 4488 1312 4555 intuitu
1384 4492 1672 4576 oportuni
1735 4494 1991 4576 presidii
2058 4494 2508 4577 prosequamini
2572 4493 2775 4577 gratia
2821 4496 2884 4556 et
2946 4492 3188 4558 favoris.

455 4573 805 4669 banessum
851 4575 1016 4671 sicut
1077 4578 1443 4646 venerabilis
1504 4583 1728 4665 pater.
1767 4631 1782 4645 .
1847 4583 2168 4665 episcopus
2232 4581 2536 4647 Nonensis
2599 4580 2777 4645 nobis
2840 4581 3191 4663 significare

449 4657 709 4734 curavit,
772 4658 1021 4739 quidam
1084 4663 1307 4729 Petrus
1365 4666 1770 4752 Superantio,
1838 4670 1987 4733 olim
2052 4672 2258 4736 vester
2302 4668 2660 4753 capitaneus
2744 4668 3060 4752 galearum
3130 4669 3189 4732 iu

450 4741 633 4820 calfo,
682 4743 942 4828 eundem
992 4765 1143 4813 ausu
1188 4751 1490 4837 sacrilego
1533 4756 1945 4839 personaliter
1989 4758 2260 4840 capiens,
2306 4758 2511 4842 ipsum
2553 4756 2730 4822 bonis
2795 4755 2923 4822 suis
2982 4755 3211 4821 omni·.
