3620 5282
439 370 525 445 28

440 558 818 621 Venetorum
867 558 1122 638 accepta
1167 554 1302 620 fuit·
1331 575 1439 638 per
1477 574 1686 621 eorum
1733 555 2026 621 comitem
2090 557 2259 622 certa
2320 556 2632 638 quantitas
2694 556 2947 640 pecunie
3010 555 3179 621 dicte

441 643 886 719 universitatis,
936 648 1000 708 et
1048 647 1293 726 portata
1337 644 1454 708 fuit
1507 643 1825 721 VeneciaS‚
1873 646 2047 708 cuins
2101 663 2292 709 causa
2355 645 2521 708 dicta
2582 643 2951 709 universitas
3008 662 3181 709 com-

439 731 695 814 pellitur
760 732 836 794 ad
898 731 1127 796 dictam
1194 732 1514 812 pecuniam
1579 732 2063 814 persolvendam.
2133 732 2339 811 Quare
2406 735 2626 815 petunt
2694 732 3177 809 restitutionem,

438 820 772 883 secundum
843 820 1006 902 quod
1053 821 1336 883 dominus
1384 820 1623 883 bannus
1668 820 1888 884 scribit
1933 839 2041 902 per
2091 838 2234 884 suas
2284 818 2528 884 litteras
2576 839 2683 883 suo
2730 818 2955 902 sigillo.
3016 821 3177 884 Item

439 906 658 971 scribit
719 908 1004 971 dominus
1071 907 1312 971 bannus
1372 907 1542 971 dicto
1606 908 1899 984 dominic,
1964 909 2119 990 quod
2183 910 2515 973 concedere
2577 909 2866 991 dignetur
2912 907 3181 972 Jadren-

439 995 609 1058 sibus
657 996 999 1058 comuniter
1046 1001 1108 1059 et
1156 995 1403 1058 divisim
1453 1012 1559 1075 pro
1625 1014 1737 1059 sua
1780 996 2041 1077 pecunia
2104 995 2417 1061 licentiam
2479 995 2833 1060 extrahendi
2889 996 2965 1059 de
3025 995 3181 1060 civi-

439 1085 568 1145 tate
614 1082 1025 1147 veneciarum
1065 1085 1129 1145 et
1171 1082 1311 1145 aliis
1359 1082 1506 1147 locis
1554 1081 1821 1147 subditis
1867 1084 2135 1147 dominio
2185 1083 2457 1165 predicto
2501 1083 2878 1148 ferramenta
2938 1084 3001 1147 et
3052 1082 3199 1154 alia*

435 1172 779 1252 opportuna
824 1170 900 1234 ad
950 1172 1118 1234 certa
1163 1171 1364 1235 fienda
1413 1172 1476 1235 et
1519 1170 1883 1253 complenda
1928 1174 2055 1234 tam
2106 1173 2449 1235 comuniter
2493 1190 2674 1253 qnam
2715 1170 2964 1236 divisim
3000 1189 3179 1234 man-

435 1259 581 1321 dato
627 1257 857 1322 domini
921 1258 1127 1336 banni,
1194 1278 1309 1342 que
1371 1258 1662 1322 honorem
1728 1258 1967 1340 regium
2033 1258 2298 1323 maxime
2360 1261 2627 1341 tangunt
2687 1262 2752 1323 et
2814 1258 3175 1339 respiciunt.

437 1345 595 1409 Item
643 1348 1103 1427 conqueruntur
1148 1347 1302 1410 certi
1341 1346 1579 1410 nobiles
1626 1348 1690 1410 et
1728 1345 2065 1412 Jadrenses
2112 1348 2177 1411 et
2218 1348 2325 1411 alii
2386 1365 2570 1430 quam
2632 1346 2839 1429 plures
2905 1349 2977 1411 de
3038 1346 3179 1409 uni-

437 1434 729 1497 versitate
785 1433 981 1517 Pagi,
1043 1434 1203 1517 quod
1268 1438 1543 1517 tempore
1605 1434 1860 1498 dominii
1912 1434 2286 1499 Venetorum
2348 1452 2448 1498 ser
2510 1434 2758 1499 Marcus
2816 1434 3197 1498 Lauredano

433 1519 584 1585 civis
626 1522 1030 1587 Veneciarum
1079 1523 1228 1587 tnnc
1267 1521 1549 1587 officialis
1597 1520 1839 1586 nomine
1887 1522 2230 1587 communis
2251 1523 2488 1602 accepit
2532 1523 2609 1587 ab
2657 1521 2887 1587 eisdem
2930 1522 3177 1586 nomine

434 1607 748 1673 antedicto
784 1610 1120 1674 maximam
1165 1610 1316 1674 salis
1361 1610 1774 1692 quantitatem
1823 1612 1898 1674 ad
1961 1612 2259 1674 rationem
2297 1611 2434 1674 duc.
2485 1609 2663 1675 XXV
2727 1628 2835 1691 pro
2897 1609 3177 1691 quolibet

433 1696 784 1760 centenario
830 1698 1196 1769 modiorum,
1242 1702 1307 1761 et
1352 1696 1589 1761 nnllam
1636 1697 2082 1762 satisfationem
2133 1698 2228 1762 vel
2270 1697 2635 1762 solutionem
2707 1697 2855 1761 fecit
2920 1696 3173 1771 eisdem,

433 1803 619 1867 quare
669 1788 887 1866 petunt
929 1784 1378 1849 satisfationem
1413 1787 1485 1849 ut
1533 1804 1737 1866 supra.
1809 1785 1969 1849 Item
2036 1804 2174 1850 cum
2240 1786 2364 1849 iam
2430 1786 2662 1868 pluries
2727 1787 3027 1866 scriptum
3089 1786 3175 1849 sit

433 1891 540 1955 per
586 1873 902 1937 dominum
954 1873 1222 1937 bannum
1281 1873 1446 1936 dicto
1501 1872 1769 1936 dominio
1828 1892 2011 1955 super
2070 1873 2321 1956 querela
2384 1873 2546 1938 facta
2607 1872 2803 1937 eidem
2874 1892 2981 1955 per
3044 1890 3175 1936 ma-

431 1962 700 2042 gistrum
751 1962 1148 2026 Franciscum
1199 1962 1270 2025 de
1317 1959 1666 2024 Mediolano
1714 1962 1778 2023 et
1824 1980 1931 2042 per
1977 1961 2274 2025 Zaninum
2335 1961 2531 2027 civem
2574 1960 2764 2026 Jadre
2830 1980 3015 2041 super
3082 1979 3172 2035 ec,

430 2049 587 2131 quod
639 2048 790 2129 ipsis
838 2048 1224 2112 venientibus
1279 2066 1315 2111 a
1375 2048 1626 2113 civitate
1672 2047 1956 2129 Tergesti
2024 2068 2130 2129 per
2192 2068 2363 2113 mare
2428 2067 2642 2112 versus
2704 2048 2959 2114 Jadram
3029 2066 3169 2110 cum

430 2136 613 2200 rebus
661 2138 724 2200 et
769 2136 1026 2200 arnesiis
1074 2136 1223 2213 sniS,
1271 2135 1443 2200 nulla
1491 2135 1846 2199 rationabili
1916 2155 2105 2200 cansa
2167 2136 2529 2218 precedente
2592 2135 2843 2200 fuerunt
2902 2136 2975 2200 de
3042 2155 3175 2200 om-

436 2223 618 2289 nibus
666 2225 796 2288 suis
844 2226 1101 2289 arnesiis
1149 2244 1257 2307 per
1304 2223 1575 2288 officium
1624 2224 1856 2287 domini
1919 2225 2214 2288 antedicti
2281 2224 2552 2289 indebite
2598 2223 2916 2307 spogliati,
2990 2243 3174 2306 snper

430 2311 654 2393 quibus
710 2312 946 2377 nullam
1013 2312 1213 2376 adhuc
1273 2311 1732 2376 restitutionem
1796 2312 2023 2377 habere
2086 2315 2462 2394 potue1·,unt
2524 2330 2716 2395 quare
2779 2313 3018 2395 petunt,
3084 2313 3173 2376 eis

435 2398 569 2463 fieri
613 2399 1092 2464 restitutionem.

518 2488 699 2548 Misti
747 2487 994 2560 XXIX,
1032 2492 1132 2562 52,
1178 2507 1222 2549 u
1264 2490 1417 2550 mlet.
1464 2491 1701 2552 arkivu.

890 2678 1033 2761 LI.
1088 2678 1294 2762 θοὰ.
1348 2679 1581 2762 1360.
1637 2681 1727 2763 17
1780 2681 2147 2782 travnja,
2201 2701 2262 2761 u
2317 2678 2704 2762 Mletcih.

645 2821 991 2904 Precipitur
1041 2821 1430 2886 Bartolomeo
1477 2821 1660 2886 Ursio
1704 2821 1967 2900 notario,
2017 2825 2087 2886 ut
2131 2823 2410 2903 requirat
2454 2842 2492 2885 a
2538 2821 2783 2886 domino
2814 2840 2956 2903 rege
2995 2821 3173 2886 Hun-

456 2912 666 2993 gariae
716 2910 1173 2974 restitutionem
1223 2910 1336 2974 loci
1386 2909 1768 2987 Casematae,
1824 2910 2025 2990 „sicut
2054 2910 2185 2974 fieri
2231 2910 2414 2974 debet
2451 2928 2521 2973 ex
2552 2909 2747 2973 forma
2794 2909 3048 2990 pacis“;
3096 2908 3173 2974 de

433 3017 552 3082 quo
601 2997 735 3062 loco
783 2998 1085 3077 diebatur,
1119 2997 1279 3080 quod
1321 2998 1655 3081 imperator
1714 3000 1991 3079 proxime
2058 2999 2401 3062 traditurus
2464 2999 2596 3062 erat
2650 2997 2814 3060 dicto
2889 2997 3039 3078 regi,
3107 2999 3173 3060 et

436 3086 590 3168 quod
641 3087 771 3167 ipse
823 3105 924 3151 rex
973 3087 1288 3168 cogitabat
1326 3104 1468 3149 eum
1496 3105 1711 3167 ponere
1759 3085 1824 3150 in
1857 3085 2142 3150 manibus
2189 3085 2419 3149 domini
2467 3084 2729 3149 Paduae.
2795 3085 3064 3160 „Verum
3114 3087 3168 3149 si

436 3171 687 3236 nobillis
739 3174 830 3237 vir
877 3174 1247 3238 Laurentius
1294 3172 1458 3238 Celsi
1504 3176 1865 3239 ambaxator
1906 3175 2114 3239 noster
2159 3175 2324 3237 esset
2367 3177 2512 3236 tnnc
2559 3185 2806 3254 presens
2855 3173 3058 3235 tecum
3105 3173 3166 3235 in

434 3260 588 3334 loce,
642 3259 741 3322 nbi
791 3262 955 3323 esset
1000 3263 1285 3325 dominns
1333 3278 1455 3337 rex,
1506 3261 1728 3325 debeas
1775 3280 1917 3325 cum
1964 3280 2076 3326 sno
2121 3261 2381 3326 consilio
2451 3263 2514 3324 et
2576 3260 2777 3323 favore
2842 3261 3167 3341 procedere

432 3348 497 3497 gt
560 3345 757 3409 facere
826 3347 1291 3429 requisitionem
1362 3347 1725 3430 predictam.
1803 3350 2038 3414 Datum
2109 3349 2209 3414 die
2276 3348 2457 3413 XVII
2527 3347 2776 3429 aprilis,
2850 3347 3003 3410 XIII
3076 3346 3174 3410 in-

478 3432 782 3498 ictionis.“

523 3524 762 3583 Secreta
805 3523 1033 3598 colleqii
1079 3527 1180 3599 64,
1227 3542 1271 3584 u
1315 3525 1453 3585 mlet
1520 3527 1754 3587 arkivu.

859 3713 1050 3794 LII.
1106 3712 1306 3796 Gon.
1366 3714 1597 3798 1360.
1654 3714 1757 3798 28
1812 3717 2176 3818 svibnja,
2230 3737 2291 3797 u
2344 3718 2732 3799 Mleteih.

432 3857 671 3917 Pozvan
714 3859 863 3918 knez
909 3856 1118 3932 Gjorw·
1155 3859 1509 3937 Korbavski‚
1557 3861 1711 3920 nelca
1755 3862 2029 3920 naknadi
2075 3862 2403 3934 patriarha
2449 3862 2781 3936 oylejskoya
2839 3879 2915 3921 za
2973 3863 3170 3938 skode,

429 3947 561 4019 koje
604 3964 705 4004 mu
737 3948 805 4019 je
850 3947 1066 4015 accinio,
1114 3950 1168 4005 te
1213 3948 1281 4005 ob
1328 3948 1619 4022 odqovoru
1648 3949 1837 4007 kneza
1869 3948 2122 4025 Gjorw‘a
2167 3950 2248 4009 da
2283 3966 2346 4009 se
2390 3951 2673 4009 obaviesti
2720 3950 2826 4008 isti
2862 3951 3167 4022 patriarh.

646 4066 836 4131 1360.
887 4066 1220 4132 indictione
1264 4068 1438 4145 XIII,
1486 4068 1585 4132 die
1630 4068 1903 4133 XXVIII
1951 4069 2118 4134 maii.
2168 4068 2488 4146 Dominus,
2536 4068 2873 4134 consiliarii
2938 4070 3002 4132 et
3062 4087 3165 4133 ca-

431 4156 560 4237 pita
604 4156 715 4219 XL
778 4157 842 4219 et
900 4157 1209 4237 sapientes
1255 4155 1481 4220 Ystrie
1546 4153 1775 4237 Capta:
1842 4157 2003 4239 qnod
2067 4158 2356 4222 mittatur
2419 4177 2572 4221 nnus
2636 4158 2911 4221 notarius
2960 4160 3167 4221 noster

431 4241 509 4305 ad
569 4243 856 4308 comitem
915 4242 1250 4344 Georgium
1298 4240 1585 4308 Curiachi
1648 4244 1727 4308 ad
1789 4246 2132 4310 narandum
2199 4245 2317 4310 sibi
2376 4246 2687 4326 querelam
2754 4245 2927 4308 nobis
2991 4263 3170 4326 expo·

430 4328 617 4392 sitam
664 4328 739 4393 de
790 4348 861 4395 eo
909 4334 972 4398 et
1018 4331 1146 4397 suis
1193 4349 1298 4412 pro
1345 4333 1519 4414 parte
1575 4332 1805 4396 domini
1872 4333 2219 4416 patriarche
2277 4334 2714 4415 aquilegiensis
2782 4332 2857 4396 de
2921 4332 3166 4396 robaria

432 4433 537 4494 per
580 4434 680 4479 eos
728 4415 890 4481 facta
935 4437 1124 4500 snpra
1171 4418 1309 4483 illos
1355 4419 1432 4484 de
1481 4419 1717 4503 Mugla,
1764 4416 2044 4497 dicendo,
2093 4418 2250 4502 qnod
2305 4421 2570 4484 multum
2619 4423 2837 4521 gravat
2885 4438 2993 4483 nos
3065 4439 3174 4484 no·

433 4501 591 4565 vitas
636 4521 743 4582 per
788 4522 931 4568 eum
976 4505 1142 4570 facta
1185 4510 1399 4571 contra
1441 4508 1759 4571 dominum
1809 4508 2245 4589 patriarcham,
2320 4509 2423 4590 qui
2473 4511 2569 4573 est
2614 4527 2717 4573 cal
2723 4526 2975 4572 issimus
3020 4508 3169 4571 ami-

431 4607 537 4651 cus
586 4591 812 4665 noster,
864 4594 927 4654 et
973 4594 1168 4656 multo
1186 4580 1355 4675 plus
1399 4613 1736 4677 gravamur
1784 4597 1857 4658 de
1906 4596 2110 4659 verbis
2147 4596 2330 4660 dictis
2366 4615 2468 4677 per
2501 4617 2661 4670 enm,
2710 4595 2874 4677 qnod
2922 4615 2988 4661 se
3032 4599 3171 4660 tan·

432 4677 604 4739 xavit
658 4678 721 4740 et
781 4676 1053 4742 defendit
1109 4683 1223 4745 snb
1284 4683 1527 4746 nomine
1588 4684 1653 4746 et
1718 4683 1938 4746 umbra
1999 4686 2228 4754 nostra,
2275 4686 2339 4748 et
2400 4645 2698 4749 hortando
2754 4702 2939 4760 eum,
3009 4684 3172 4766 qnod

432 4763 656 4827 debeat
693 4761 894 4826 facere
941 4781 1089 4845 erga
1129 4767 1446 4831 dominum
1484 4768 1903 4851 patriarcham
1941 4769 2134 4835 talem
2182 4773 2506 4837 emendam
2567 4774 2633 4837 et
2691 4770 3173 4849 satisfationem,
