3620 5282
527 346 658 414 204

526 526 944 609 octuagesimo
990 525 1174 591 tertio
1216 543 1426 590 mense
1457 523 1744 590 Januarii
1769 524 1869 589 die
1895 521 2221 589 undecimo
2268 524 2557 600 intrante,
2603 522 2937 589 indictione
2968 523 3256 604 septima,

525 612 820 678 Bivoalti.
893 614 1292 678 Presentibus
1350 611 1633 678 Nicoleto
1681 613 1755 676 de
1817 611 2147 677 Laurentio
2197 615 2262 677 et
2307 611 2550 677 Zanone
2591 613 2962 696 preconibus
3008 614 3074 676 et
3117 609 3259 675 aliis

525 701 792 765 testibus
839 700 914 765 ad
965 701 1077 765 hec
1125 701 1326 766 vocati
1392 703 1455 765 et
1500 700 1720 784 rogati.
1789 699 1943 765 Cum
2013 718 2217 766 coram
2282 701 2589 765 nobilibus
2638 699 2788 764 viris
2834 698 3095 764 dominis
3143 698 3261 763 Ni-

526 787 698 854 colao
743 787 1092 866 Valaresso‚
1143 788 1429 855 Gabriele
1476 788 1765 854 Dandulo
1813 793 1875 851 et
1923 787 2190 871 Symone
2242 788 2579 867 Dalmatio,
2649 787 3115 853 honorabilibus
3160 785 3258 850 iu-

528 875 767 940 dicibus
838 876 1180 959 potionum,
1229 876 1643 959 comparuerit
1688 875 2015 953 Fabianae,
2065 874 2215 940 olim
2263 874 2591 941 familiaris
2638 874 2863 940 nobilis
2909 876 2975 939 et
3019 872 3254 957 egregii

526 962 761 1028 domini
817 963 1065 1029 comitis
1108 965 1389 1028 Budislai
1435 964 1510 1028 de
1553 962 1853 1029 Curiacho
1879 963 1954 1028 de
1979 962 2302 1046 Curbavia,
2350 966 2706 1045 procurator
2732 965 2795 1027 et
2820 961 3260 1045 procuratori0‚

529 1050 777 1115 nomine
823 1051 1049 1116 nobilis
1111 1049 1428 1117 comitisse
1490 1051 1738 1116 domine
1799 1051 1993 1116 Elene
2041 1051 2255 1116 relicte
2301 1049 2455 1116 dicti
2502 1053 2806 1134 quondam
2853 1049 3087 1120 domini
3132 1049 3265 1113 Bu-

529 1137 734 1214 dislai‚
784 1139 900 1204 filii
936 1140 1085 1204 olim
1115 1139 1348 1205 domini
1395 1139 1642 1205 comitis
1686 1137 1969 1221 Gregorii
2016 1139 2091 1203 de
2131 1138 2391 1206 Curiaco
2437 1139 2514 1204 de
2561 1138 2888 1215 Curbavia‚
2939 1141 3264 1221 tamquam

529 1227 777 1291 tutricis
823 1229 888 1292 et
933 1227 1358 1294 defensatricis
1402 1229 1694 1310 deputate
1728 1247 1835 1310 per
1881 1227 2376 1292 illustrissimam
2424 1227 2739 1311 Hungarie
2773 1226 3165 1291 maiestatem
3199 1223 3267 1288 in

529 1314 813 1379 omnibus
863 1315 1196 1381 mobilibus
1234 1319 1299 1381 et
1341 1315 1766 1381 immobilibus
1816 1316 1987 1380 bonis
2035 1315 2282 1381 Nicolai
2328 1316 2458 1380 nati
2506 1315 2603 1379 sui
2651 1332 2763 1379 nec
2796 1333 2914 1379 non
2946 1313 3112 1378 unici
3146 1311 3265 1377 filii

531 1401 682 1466 dicti
731 1402 1039 1485 quondam
1087 1404 1337 1469 comitis
1384 1403 1661 1468 Budislai
1708 1421 1779 1467 ac
1826 1401 2140 1486 legiptimi
2190 1403 2431 1468 heredis
2476 1404 2542 1467 et
2586 1401 2959 1468 successoris
2990 1398 3268 1465 instituti

532 1489 594 1553 in
645 1491 946 1554 universis
995 1491 1167 1556 bonis
1216 1491 1552 1556 mobilibus
1597 1492 1661 1554 et
1707 1490 2134 1556 immobilibus
2173 1491 2323 1556 dicti
2387 1491 2697 1574 quondam
2744 1490 2876 1554 eius
2927 1487 3118 1572 patris
3166 1505 3270 1553 co-

532 1576 707 1641 mitis
756 1577 1056 1656 Budislai‚
1108 1582 1176 1643 ut
1222 1580 1492 1663 primum
1561 1581 1806 1643 constat
1875 1579 2323 1660 procurationis
2393 1580 2805 1643 instrumento
2866 1577 3029 1641 facto
3076 1592 3271 1638 mauu

533 1664 855 1746 presbiteri
922 1665 1167 1731 Nicolai
1235 1667 1543 1750 quondam
1615 1666 1935 1731 Cristofori
2005 1666 2424 1731 archidiaconi
2486 1667 2559 1731 de
2608 1666 2825 1730 Valtro
2899 1664 2960 1728 iu
3008 1662 3273 1728 ecclesia

532 1750 814 1835 Quinque
861 1754 1228 1818 ecclesiense
1275 1758 1339 1820 et
1383 1754 1660 1819 canonici
1709 1754 2207 1837 Aequilegiensis
2252 1754 2479 1836 publici
2541 1753 2851 1837 imperiali
2898 1749 3271 1816 auctoritate

532 1840 779 1918 notarii,
826 1841 1156 1906 cancelarii
1199 1842 1512 1908 reverendi
1561 1841 1623 1907 in
1689 1841 1919 1906 christo
1983 1843 2179 1925 patris
2230 1845 2295 1907 et
2357 1842 2589 1907 domini
2639 1841 2952 1907 Valentini
3001 1835 3272 1919 episcopi

533 1924 813 2011 Quinque
861 1928 1249 1994 ecclesiensis
1278 1931 1337 1995 in
1378 1930 1716 1995 millesimo
1750 1929 2183 1995 trecentesimo
2216 1931 2635 2013 octuagesimo
2684 1930 2889 2007 tert10‚
2940 1926 3273 1992 indictione

533 2018 727 2092 sexta,
776 2014 875 2080 die
930 2018 1391 2100 quartodecimo
1454 2017 1845 2101 septembriS‚
1905 2017 2096 2083 Bude.
2158 2017 2458 2100 Tempore
2521 2018 2912 2082 serenissime
2957 2019 3023 2079 et
3064 2013 3276 2079 excel-

488 2138 495 2148 ·
534 2102 885 2168 lentissime
930 2105 1226 2190 principis
1272 2125 1342 2171 ac
1389 2105 1636 2170 domine
1698 2104 2003 2169 naturalis
2064 2106 2310 2170 domine
2359 2106 2557 2172 Marie
2604 2105 2703 2169 dei
2736 2104 2940 2188 gratia
2973 2100 3277 2167 illustris-

533 2191 691 2254 sime
750 2191 960 2274 regine
1016 2193 1361 2277 Hungarie‚
1431 2192 1678 2259 Polonie
1744 2192 2065 2259 Dalmacie
2116 2197 2255 2270 etc„
2304 2197 2368 2257 et
2413 2192 2889 2258 reconmendato
2928 2191 3270 2256 secundum

533 2297 715 2342 nsum
761 2280 841 2344 ad
886 2278 1158 2346 officium
1218 2281 1607 2346 dominorum
1665 2281 1940 2345 iudicum
1988 2283 2451 2363 procuratorum
2498 2281 2596 2345 die
2643 2280 2869 2346 ultimo
2922 2276 3275 2343 decembris

535 2366 799 2448 proximi
845 2368 1129 2450 preteriti
1176 2388 1281 2450 per
1328 2369 1584 2436 Petrum
1631 2368 1770 2434 dela
1817 2366 2006 2434 Costa
2053 2370 2361 2433 notarium
2423 2368 2591 2434 curie
2650 2366 2900 2434 maioris
2945 2369 3009 2430 et
3046 2366 3121 2431 de
3167 2364 3277 2428 he·

535 2454 799 2519 reditate
858 2457 1102 2521 constat
1172 2456 1355 2522 litera
1423 2456 1817 2521 serenissime
1865 2459 1930 2521 et
1981 2456 2499 2522 excellentissime
2571 2455 2865 2540 principis
2913 2455 2977 2519 et
3020 2453 3276 2518 domine

535 2541 778 2606 domine
810 2542 1095 2608 Elisabet
1140 2543 1238 2608 dei
1287 2544 1490 2629 gratia
1513 2544 1726 2628 regine
1757 2544 2094 2627 Hungarie‚
2128 2544 2394 2623 Polonie‚
2426 2545 2744 2609 Dalmacie
2770 2546 2887 2608 etc.
2925 2541 3021 2607 sui
3054 2540 3281 2605 secreti

535 2629 731 2713 sigilli
777 2630 838 2695 in
885 2650 1021 2697 cera
1070 2632 1147 2697 ab
1174 2633 1336 2699 intra
1381 2633 1748 2716 impresione
1789 2632 2030 2697 munita
2053 2637 2117 2697 et
2150 2632 2576 2699 recomendata
2629 2633 2795 2699 curie
2830 2627 3141 2714 petitionis
3172 2648 3284 2712 per

537 2719 759 2783 ducale
806 2720 1167 2785 mandatum
1216 2721 1315 2786 die
1359 2740 1515 2786 nono
1579 2722 1810 2786 mensis
1873 2721 2167 2786 instantis
2216 2740 2323 2803 per
2369 2721 2748 2787 Bonifatium
2797 2721 2871 2785 de
2918 2718 3117 2801 Carpo
3170 2735 3280 2782 no-

537 2806 768 2871 tarium
816 2808 984 2872 curie
1055 2810 1327 2874 maioris.
1397 2809 1720 2892 Exponens
1788 2812 2004 2873 contra
2049 2812 2113 2873 et
2158 2809 2450 2874 adversus
2499 2809 2733 2874 nobiles
2788 2809 2951 2873 viros
2997 2804 3281 2870 dominos

541 2944 556 2959 .
601 2943 617 2959 .
674 2942 688 2957 .
736 2893 1030 2961 offitiales
1076 2915 1320 2962 camere
1361 2897 1674 2976 frumenti,
1720 2916 1829 2980 pro
1856 2897 2079 2979 quibus
2127 2898 2413 2962 omnibus
2461 2898 2694 2963 domini
2724 2896 3036 2961 Remitius
3076 2892 3285 2957 Vituri

540 2983 605 3046 et
648 2980 965 3049 ,lohannes
1016 2984 1274 3050 Suriano
1346 2984 1801 3067 comparebant,
1844 2988 1915 3059 et
1961 2984 2050 3050 sic
2096 2984 2399 3069 allegans,
2450 2984 2605 3070 quod
2654 3002 2795 3050 cum
2846 2983 3001 3048 boue
3046 2998 3287 3045 memo-

545 3069 634 3135 rie
683 3070 963 3135 dominus
1012 3089 1217 3136 comes
1281 3071 1622 3156 Gregorius
1669 3075 1740 3138 de
1801 3072 2057 3138 Curiaco
2117 3074 2659 3155 supranominatus
2705 3072 2833 3137 iam
2880 3072 3003 3149 diu,
3050 3072 3122 3133 ut
3174 3085 3287 3150 ap-

544 3160 721 3237 paret
770 3159 831 3221 in
879 3161 1193 3241 quaternis
1239 3159 1419 3225 offitii
1468 3179 1708 3225 camere
1771 3160 2087 3239 frumenti,
2136 3161 2581 3244 depositauerit
2644 3159 2875 3224 ibidem
2923 3158 3285 3223 ducatorum

541 3243 864 3309 duomillia
912 3248 1044 3312 auri
1094 3267 1230 3313 cum
1281 3248 1468 3332 prode
1514 3248 1589 3313 de
1636 3248 1906 3333 quinque
1953 3267 2059 3332 pro
2098 3249 2465 3325 centenario,
2516 3251 2580 3313 et
2623 3248 2767 3313 ante
2825 3248 3141 3312 decessum
3179 3263 3287 3308 su-

545 3351 647 3395 um
725 3333 948 3399 babere
1014 3337 1263 3400 deberet
1307 3355 1434 3419 pro⁵
1465 3338 1651 3420 prode
1699 3340 1955 3419 sequuto
1981 3355 2052 3400 ex
2078 3337 2209 3418 ipso
2257 3338 2532 3419 deposito
2577 3337 2945 3402 ducatorum
2991 3334 3285 3416 quattuor

550 3419 750 3485 millia
797 3421 950 3498 auri,
986 3442 1139 3505 quos
1185 3424 1465 3489 denarios
1514 3424 1744 3488 ibidem
1791 3424 2038 3489 volebat
2081 3442 2398 3489 remanere
2445 3444 2587 3489 cum
2634 3424 3016 3489 condictione
3073 3419 3282 3503 prodis

546 3507 606 3570 in
656 3507 830 3571 dicta
878 3513 1230 3593 quantitate
1278 3514 1491 3589 taxati,
1540 3517 1603 3575 et
1649 3512 1901 3577 taudem
1949 3529 2069 3577 non
2110 3512 2464 3577 convenerit
2511 3532 2652 3578 cum
2738 3510 3002 3576 dominis
3050 3509 3287 3573 officia-

548 3594 713 3659 libus
760 3596 912 3661 tunc
959 3599 1387 3676 existentibus,
1436 3619 1507 3664 ex
1555 3618 1673 3683 quo
1715 3599 1888 3664 dicta
1928 3603 2192 3684 quatuor
2238 3600 2440 3666 millia
2485 3601 2846 3665 ducatorum
2892 3596 3121 3662 ibidem
3170 3596 3279 3660 diu

550 3683 690 3747 sine·
727 3683 918 3766 prod'e
989 3692 1438 3764 remanserunt,
1511 3689 1598 3752 ita
1643 3686 1802 3770 quod
1848 3688 1921 3752 de
1968 3688 2217 3772 capitali
2287 3691 2434 3753 sunt
2482 3690 2543 3752 in
2591 3689 2760 3753 dicta
2804 3702 3051 3751 camera
3096 3684 3289 3748 duca-

544 3775 752 3836 torum
804 3774 1270 3855 quatuordecim
1341 3776 1543 3840 millia
1607 3776 1740 3840 auri
1789 3775 2081 3841 videlicet
2125 3776 2338 3840 decem
2386 3777 2591 3841 millia
2636 3776 2715 3841 ad
2761 3774 2945 3857 prode
2994 3772 3061 3835 et
3106 3775 3288 3854 quat-

546 3864 684 3923 tuor
733 3859 936 3926 millia
982 3862 1114 3926 sine
1186 3865 1390 3944 prode.
1436 3863 1518 3928 Et
1584 3882 1725 3928 cum
1775 3866 1851 3927 ad
1902 3866 2162 3929 mortem
2212 3864 2360 3928 dicti
2421 3864 2654 3929 domini
2705 3861 2955 3928 comitis
3001 3859 3286 3941 Gregorii

542 3947 958 4012 remanserint
994 3949 1116 4014 sibi
1162 3951 1280 4015 duo
1347 3951 1461 4015 filii
1508 3951 1773 4034 legitimi
1822 3953 1887 4015 et
1932 3950 2247 4016 naturales
2293 3954 2358 4014 et
2403 3951 2477 4014 de
2524 3951 2836 4035 legittimo
2886 3947 3288 4012 matrimonio

546 4035 873 4118 procreati,
921 4036 1143 4119 quibus
1168 4037 1524 4104 huiusmodi
1570 4039 1921 4121 depositum
1973 4058 2078 4119 per
2121 4039 2320 4122 ipsius
2367 4038 2628 4104 formam
2678 4043 2741 4104 et
2780 4042 3054 4104 tenorem
3102 4035 3288 4098 debet

543 4121 738 4188 libere
810 4124 1133 4206 pertinere,
1183 4126 1468 4191 videlicet
1534 4125 1769 4190 domini
1840 4127 2099 4191 comites
2168 4126 2500 4206 Gregorius
2559 4128 2771 4192 vivens
2818 4129 2882 4191 et
2926 4121 3286 4197 Budislaus‚

543 4211 644 4292 qui
695 4211 1017 4279 defunctus
1058 4217 1154 4278 est
1186 4214 1402 4279 relicto
1427 4213 1604 4279 unico
1645 4213 1772 4279 filio
1814 4232 1925 4278 sno
1953 4214 2231 4299 legitimo
2255 4219 2319 4279 et
2343 4215 2612 4279 naturali
2636 4222 2700 4278 et
2725 4215 2801 4279 de
2831 4228 2974 4278 vero
3000 4211 3064 4273 et
3088 4210 3161 4272 de
3195 4209 3288 4272 le-

545 4298 768 4379 gitimo
817 4299 994 4364 tboro
1039 4302 1248 4386 genito
1285 4301 1541 4368 Nicolao
1591 4301 1878 4367 videlicet
1923 4303 2447 4385 supranominato,
2497 4304 2592 4366 cui
2631 4322 2740 4386 per
2793 4295 3286 4367 illustrissimam

545 4385 864 4468 IIungarie
888 4389 1279 4456 maiestatem
1301 4389 1537 4472 prefata
1556 4390 1807 4474 egregia
1825 4390 2144 4456 comitissa
2158 4390 2408 4455 domina
2426 4390 2665 4455 Helena
2682 4388 2950 4474 genitrix
2967 4403 3077 4449 sua
3094 4385 3290 4449 tutrix

546 4479 643 4536 est
666 4475 732 4537 et
753 4476 1153 4557 gubernatrix
1181 4477 1299 4543 sibi
1318 4478 1622 4564 delegata,
1651 4483 1716 4543 et
1739 4480 1837 4542 cui
1876 4479 2371 4561 prenominatum
2398 4479 2743 4561 depositum
2788 4482 2852 4542 et
2889 4473 3088 4543 omnis
3115 4471 3290 4536 utili-

547 4562 643 4624 tas
669 4561 965 4631 hactenus
998 4569 1260 4650 sequuta
1285 4566 1403 4630 sibi
1429 4585 1537 4650 pro
1560 4565 1822 4632 dimidia
1843 4584 1984 4631 cum
2020 4566 2186 4630 dicto
2210 4567 2454 4631 domino
2487 4566 2709 4632 comite
2734 4565 3031 4650 Gregorio
3054 4559 3129 4624 de
3155 4560 3290 4625 iure

549 4647 851 4727 pertinere
875 4651 1078 4733 debet,
1119 4652 1330 4737 sicque
1370 4654 1642 4737 pertinet
1665 4656 1729 4719 et
1752 4655 2009 4736 spectat.
2036 4654 2284 4719 Etcum
2310 4654 2367 4717 in
2397 4652 2883 4720 MCCCLXXVI
2914 4653 3013 4720 die
3045 4645 3289 4713 XXVII

545 4733 757 4798 Martii
789 4755 898 4819 per
941 4742 1219 4807 dominos
1288 4742 1520 4807 iudices
1567 4742 1940 4826 petitionum
1988 4740 2308 4826 cognitum
2346 4743 2410 4805 et
2439 4740 2922 4809 determinatum
2989 4734 3179 4805 fuerit
3206 4738 3287 4801 sd
