3620 5282
479 416 610 482 218

479 593 581 671 sit,
651 591 977 657 salutando
1044 591 1249 673 ipsum
1293 591 1623 655 affectuose
1684 593 1860 673 parte
1907 590 2117 656 nostra
2157 591 2222 655 et
2267 590 2542 667 dicendo,
2612 591 2772 673 qnod
2842 589 3059 654 statim
3106 589 3203 653 in-

478 680 750 744 tellectis
815 678 1048 743 litteris
1114 680 1262 755 suis,
1337 680 1722 743 misissemus
1789 678 1867 742 ad
1937 697 2077 743 eum
2120 678 2444 760 providum
2509 678 2710 742 virum
2760 677 3200 742 Desideratum

478 766 781 831 notarium
830 767 1133 843 nostrum,
1182 766 1287 831 sed
1336 784 1450 829 non
1499 767 1596 831 est
1639 766 1702 830 in
1751 766 2046 844 Venetiis,
2090 765 2251 829 unde
2297 765 2428 830 loco
2474 765 2628 830 dicti
2664 762 3020 830 Desiderati
3051 780 3201 845 pro-

481 853 746 918 vidimus
781 852 1029 917 mittere
1061 856 1123 918 te
1153 855 1225 918 ad
1262 871 1439 917 snam
1474 852 1962 935 magnitudinem
1997 853 2072 916 ad
2119 853 2582 935 regratiandum
2628 870 2770 916 cnm
2819 853 2949 916 toto
2978 852 3202 938 affectu

481 939 939 1022 magnificentie
984 958 1093 1005 sne
1139 942 1211 1004 de
1254 959 1344 1016 eo,
1394 939 1551 1022 quod
1599 940 1719 1004 sibi
1764 940 2000 1023 placuit
2028 942 2160 1003 tam
2193 940 2610 1005 amicabiliter
2643 939 2994 1021 significare
3025 939 3201 1003 nobis

482 1028 771 1108 predicta,
819 1029 961 1108 quia
1008 1028 1175 1091 novit
1216 1028 1369 1092 deus
1415 1026 1491 1090 de
1538 1026 1705 1090 omni
1772 1027 2142 1092 exaltatione
2187 1028 2439 1091 honoris
2486 1029 2550 1092 et
2598 1030 2804 1091 status
2850 1027 3021 1108 regie
3070 1044 3202 1089 ma-

479 1114 726 1178 iestatis
772 1115 834 1178 et
880 1115 1071 1178 totius
1131 1115 1304 1197 regni
1366 1114 1684 1197 Hungarie
1752 1114 2088 1197 plurimum
2159 1115 2635 1197 congaudemus,
2701 1114 3026 1179 offerentes
3088 1131 3199 1177 nos

479 1199 556 1264 ad
598 1200 981 1282 beneplacita
1026 1201 1483 1284 magnificentie
1518 1221 1660 1276 sue;
1687 1203 1750 1266 et
1796 1202 1848 1266 si
1877 1203 2033 1285 quod
2068 1201 2316 1267 volebat
2346 1202 2547 1270 dicere
2576 1200 2961 1278 Desiderato,
2996 1200 3206 1282 potest

481 1287 684 1352 dicere
733 1287 848 1352 tibi
896 1289 1060 1353 sicut
1104 1288 1484 1352 Desiderato,

686 1373 1123 1456 Significamus
1171 1376 1416 1455 insuper
1480 1376 1611 1455 tibi,
1647 1378 1810 1459 qnod
1854 1377 1978 1442 iam
2024 1377 2240 1442 multis
2286 1377 2500 1442 diebus
2574 1374 2923 1456 paravimus
2966 1373 3199 1438 solem-

480 1480 622 1525 nem
668 1462 1088 1527 ambaxiatam
1132 1463 1358 1527 ituram
1407 1464 1483 1526 ad
1531 1463 1958 1528 serenissimae
2010 1465 2315 1548 reginales
2384 1464 2772 1535 maiestates;
2821 1462 2928 1526 sed
2982 1479 3199 1543 super-

481 1549 756 1612 sedimus
802 1548 880 1613 ob
928 1550 1199 1631 pericula
1244 1552 1310 1614 et
1354 1549 1711 1615 discrimina
1757 1553 2020 1630 viarum,
2063 1571 2179 1635 qne
2240 1554 2387 1617 sunt
2433 1568 2543 1634 pro
2591 1548 2971 1614 novitatibus
3017 1549 3201 1614 Hun-

478 1634 684 1718 garie;
712 1638 776 1699 et
798 1636 936 1700 ideo
981 1635 1273 1720 rogamus
1308 1655 1483 1700 suam
1533 1637 2058 1720 magnificentiam
2106 1641 2280 1704 velut
2325 1638 2745 1704 honorabilem
2777 1638 2842 1700 et
2894 1636 3194 1700 intimum

481 1725 747 1787 amicum
796 1725 1100 1800 nostrum,
1153 1727 1222 1788 ut
1265 1724 1509 1806 placeat
1570 1724 1888 1790 notificare
1950 1726 2147 1804 nobis,
2197 1726 2252 1791 si
2295 1726 2608 1790 videretur
2655 1724 2796 1801 sibi,
2839 1722 3001 1806 qnod
3047 1723 3200 1787 dicti

482 1810 677 1874 nostri
721 1811 1170 1876 ambaxiatores
1220 1815 1473 1892 possunt
1503 1831 1647 1876 cnm
1679 1813 2013 1878 securitate
2056 1813 2162 1891 ire,
2211 1818 2274 1878 et
2313 1814 2571 1896 qnando.

638 1956 642 1961 .
690 1897 885 1962 Dabis
949 1898 1140 1962 etiam
1201 1916 1449 1981 operam
1509 1899 1584 1963 de
1627 1899 1878 1964 sciendo
1921 1902 2001 1966 ab
2040 1900 2116 1965 ‘eo
2163 1901 2402 1965 factum
2448 1902 2513 1965 et
2556 1898 2967 1964 condicionem
3017 1895 3204 1961 Jaco-

486 1984 635 2048 belli
681 1983 939 2062 Quirino
1001 1985 1260 2062 detenti,
1322 1985 1611 2051 videlicet
1654 1986 1728 2050 de
1794 2006 1975 2052 causa
2035 1987 2424 2066 retencioniS,
2471 1988 2536 2052 et
2581 1989 2646 2052 in
2691 1987 2864 2051 onius
2911 1983 3201 2049 manibus

477 2070 807 2148 detinetur,
857 2075 921 2136 et
965 2092 1072 2154 per
1120 2091 1299 2155 quem
1349 2074 1596 2137 modum
1642 2078 1851 2156 posset
1893 2075 2171 2141 relaxari.

370 2167 375 2174 “
690 2155 754 2222 Si
800 2162 1009 2232 autem
1064 2160 1218 2224 dicti
1277 2160 1727 2226 ambariatores
1785 2162 2156 2227 transissent
2206 2162 2502 2237 Paduam,
2551 2161 2738 2226 vadas
2786 2157 3078 2224 velociter
3123 2158 3201 2222 ad

477 2262 582 2310 eos
628 2245 703 2309 ad
753 2245 1171 2329 exequendum
1220 2248 1513 2330 predicta,
1563 2251 1628 2313 et
1672 2266 1813 2313 cum
1860 2269 1948 2324 eo,
1997 2253 2153 2333 quod
2187 2251 2463 2327 habebis,
2497 2249 2793 2313 Venetiae
2843 2247 3196 2311 revertaris.

689 2333 888 2399 Tenor
935 2334 1285 2399 litterarum
1336 2337 1744 2418 suprascripti
1793 2337 2023 2402 domiui
2068 2337 2318 2420 Georgii
2354 2338 2686 2402 missarum
2725 2335 2997 2399 dominio
3046 2333 3194 2397 talis

479 2422 593 2484 est.
648 2455 723 2466 -
776 2420 1206 2486 Illustrissime
1250 2422 1529 2504 princeps
1553 2424 1616 2488 et
1640 2425 1906 2489 domine.
1950 2426 2186 2490 Notum
2227 2425 2488 2490 facimus
2535 2427 2731 2488 vestre
2765 2420 3200 2496 dominationi,

484 2507 638 2588 qnod
689 2508 933 2572 domina
977 2512 1185 2574 nostra
1229 2511 1430 2574 Maria
1493 2512 1705 2595 regina
1761 2511 2082 2594 Hungarie
2144 2532 2284 2578 cum
2333 2511 2588 2578 consilio
2635 2510 2831 2575 totius
2875 2508 3049 2592 regni
3095 2525 3199 2572 ac-

478 2593 645 2676 cepit
692 2593 754 2658 in
803 2595 1118 2660 dominum
1168 2601 1232 2662 et
1282 2598 1573 2662 maritum
1621 2600 1934 2664 dominum
1985 2601 2368 2667 Lndovicum
2416 2599 2669 2665 fratrem
2717 2598 2882 2681 regis
2916 2594 3196 2673 Francie,

478 2698 586 2762 pro
634 2701 751 2764 quo
797 2683 1044 2747 domino
1093 2684 1269 2747 missi
1316 2690 1461 2749 sunt
1493 2688 1620 2750 tres
1654 2688 2122 2766 ambaxiatores,
2170 2689 2493 2753 Ladislaus
2544 2686 2814 2771 voyvoda
2844 2684 3198 2749 Transilva-

482 2787 615 2839 nus,
668 2787 874 2834 comes
943 2769 1258 2835 Johanues
1303 2774 1376 2835 de
1430 2774 1622 2856 Vegla
1668 2777 1732 2838 et
1799 2793 1914 2856 ego
1984 2795 2186 2841 comes
2240 2775 2546 2858 Georgius
2593 2774 2888 2840 Corbavie
2932 2771 3009 2839 ad
3057 2789 3202 2835 con-

470 2855 817 2922 ducendum
885 2858 1087 2937 ipsum
1154 2859 1217 2923 in
1289 2877 1545 2941 regnum
1621 2861 1956 2943 Hungarie,
2028 2869 2092 2926 et
2160 2882 2301 2927 ecce
2363 2881 2579 2926 snmus
2647 2861 2710 2924 in
2777 2862 2877 2925 via
2947 2861 3011 2924 et
3068 2856 3192 2922 eri-

480 2962 616 3006 mns
642 2943 764 3007 cito
790 2944 853 3007 in
881 2945 1107 3011 Padua.
1138 2944 1341 3010 Offero
1389 2966 1487 3011 me
1513 2948 1589 3011 ad
1617 2948 1826 3012 omnia
1850 2953 2057 3014 vestra
2096 2952 2349 3015 servitia
2386 2951 2451 3013 et
2495 2948 2801 3013 mandata.
2850 2948 3085 3011 Datum
3131 2945 3199 3008 in
3298 2969 3316 2980 ·

480 3029 708 3126 Drigne
779 3030 880 3095 die
930 3032 1171 3096 XXVII
1237 3035 1406 3097 iunii.
1464 3034 1767 3117 Georgius
1810 3055 2017 3101 comes
2065 3037 2362 3103 Corbavie
2415 3036 2805 3101 consiliarius
2851 3034 3018 3116 regie
3066 3051 3200 3099 ma·

478 3117 737 3194 iestatis,
789 3119 1171 3184 ambaxiator
1197 3123 1260 3185 in
1305 3140 1557 3203 regnum
1609 3122 1883 3201 Francie,
1925 3126 2388 3189 recommendat
2417 3142 2482 3188 se
2530 3125 2729 3189 vestre
2773 3121 3193 3186 dominationi.

479 3201 543 3267 Si
594 3203 996 3270 Desideratus
1042 3209 1118 3271 ad
1165 3227 1274 3272 nos
1314 3210 1549 3273 veniret
1595 3208 1894 3289 Paduam,
1931 3210 2134 3293 ipsum
2178 3212 2443 3277 libenter
2492 3211 2862 3275 videremus.
2907 3212 2914 3217 ’

565 3310 750 3370 Liber
794 3317 1146 3371 secretorum
1190 3314 1415 3389 colleyii
1463 3318 1608 3386 110,
1656 3333 1698 3375 u
1743 3318 1898 3378 mlct.
1948 3320 2182 3380 arkivu.

873 3497 1177 3581 CCCX.
1228 3500 1435 3584 God.
1491 3503 1717 3587 1385.
1769 3503 1872 3585 10
1926 3507 2251 3606 srpnja,
2300 3527 2361 3587 u
2414 3504 2806 3588 Mletcih.

481 3622 798 3697 odqovara
835 3640 897 3684 se
934 3626 1311 3697 poslam'kom
1373 3629 1782 3704 francuzkoya
1851 3631 2069 3704 kraha,
2119 3632 2200 3690 da
2244 3631 2306 3691 ce
2341 3633 2654 3704 republika
2697 3633 2846 3690 rado
2891 3632 3129 3704 primiti
3174 3634 3200 3690 i

408 3735 413 3739 ⁴
476 3711 648 3770 didno
682 3712 938 3784 privasti
980 3731 1022 3771 u
1058 3712 1204 3787 Senj
1248 3715 1319 3773 ili
1363 3733 1405 3774 u
1452 3712 1809 3788 Dalmaciy'u
1850 3736 1933 3776 na
1976 3719 2166 3791 svojih
2212 3719 2490 3778 brodovih
2527 3719 2796 3787 krazjeva
2832 3721 3006 3779 brata
3036 3719 3197 3792 Lju-

903 3800 1099 3859 devita
1143 3818 1411 3876 supruqa
1455 3804 1685 3876 Mariis
1728 3806 2059 3878 aqam-hrt).
2102 3806 2348 3879 kraljice
2385 3823 2415 3865 s
2455 3807 2753 3867 druibom.

693 3899 877 3964 1385.
928 3902 1258 3967 indictione
1305 3908 1541 3981 octava,
1590 3905 1689 3970 die
1734 3907 1974 3972 decimo
2022 3908 2252 3972 mensis
2300 3909 2455 3973 iulii.
2497 3906 2610 3971 Ser
2642 3906 2992 3972 Leonardus
3029 3908 3196 3971 Dan-

474 3988 618 4051 dnlo
668 3988 847 4052 miles
910 3992 1284 4071 procurator,
1348 4010 1445 4055 ser
1490 3992 1805 4058 ‚Iohannes
1866 3994 2211 4059 Gradonico
2275 3997 2645 4076 procurator,
2709 4013 2809 4059 ser
2855 3995 3195 4060 Lodovicus

472 4075 853 4140 Lauredano·
878 4081 1254 4159 procurator,
1310 4097 1410 4143 ser
1456 4080 1677 4145 Petrus
1730 4082 2072 4164 Mozenigo,
2141 4101 2242 4147 ser
2286 4085 2558 4147 Donatus
2618 4083 2843 4158 Trono,
2890 4083 3198 4165 sapientes

472 4162 736 4226 consilii.
787 4162 1013 4245 Capta:
1061 4166 1219 4246 quod
1271 4167 1715 4249 respondeatur
1760 4168 1902 4255 istis
1947 4169 2450 4234 ambaxatoribus
2476 4168 2858 4233 serenissimi
2889 4172 2953 4233 et
2995 4168 3196 4234 excel-

469 4249 800 4314 lentissimi
850 4252 1080 4316 domini
1127 4252 1290 4336 regis
1338 4254 1597 4319 Francis
1648 4256 1971 4321 intellecta
2015 4258 2345 4322 ambaxata
2405 4276 2519 4321 sua
2583 4255 3040 4338 sapientissime
3085 4275 3193 4321 no·

475 4336 568 4398 bis
613 4338 908 4418 exposita,
955 4337 1118 4423 quod
1168 4358 1274 4420 pro
1321 4342 1845 4423 contemplatione
1891 4344 2270 4409 serenissimi
2311 4345 2375 4407 et
2414 4343 2915 4409 excellentissimi
2961 4344 3190 4409 domini

472 4423 636 4504 regis
681 4423 938 4490 Francie
985 4428 1049 4490 et
1092 4428 1475 4492 serenissimi
1523 4436 1587 4493 et
1632 4430 2137 4495 excellentissimi
2185 4430 2414 4495 domini
2461 4433 2622 4514 regis
2669 4430 2954 4496 Lodovici
2985 4434 3051 4495 et
3096 4450 3193 4495 se-

472 4509 791 4574 renissime
837 4516 901 4575 et
944 4514 1465 4579 excellentissime
1512 4515 1756 4581 domine
1804 4519 2013 4600 regine
2054 4517 2273 4595 Marie,
2323 4519 2792 4583 karissimorum
2841 4522 2905 4582 et
2935 4518 3193 4581 intimo-

471 4613 608 4658 rum
633 4598 987 4695 ,amicorum
1031 4601 1223 4665 nostri
1271 4602 1525 4667 dominii
1575 4623 1791 4669 snmus
1816 4606 2091 4669 contenti
2115 4607 2181 4669 et
2206 4606 2408 4687 placet
2453 4606 2627 4670 nobis
2652 4607 2714 4668 et
2738 4606 2826 4669 sic
2873 4605 3189 4669 offerimus

472 4699 583 4781 nos
629 4701 691 4745 in
732 4702 876 4749 casu
924 4705 1040 4767 qno
1080 4689 1509 4754 serenissimus
1541 4693 1606 4755 et
1634 4691 2192 4758 excellentissimus
2234 4691 2518 4757 dominus
2565 4711 2670 4757 rex
2714 4692 3044 4757 Lodovicus
3089 4710 3196 4755 ve-

472 4770 605 4832 mat
645 4767 937 4836 Venetias
980 4791 1092 4855 pro
1124 4777 1496 4840 transeundo
1543 4777 1621 4842 ad
1667 4787 1871 4860 partes
1934 4776 2161 4863 Segnie
2209 4780 2307 4844 vel
2354 4779 2668 4844 Dalmatio
2716 4798 2821 4861 pro
2875 4778 3071 4843 eundo
3115 4780 3190 4842 ad
