3620 5282
519 356 601 423 76

515 536 752 600 notoria
801 554 1025 618 magna
1071 536 1412 601 reverentia
1472 539 1536 601 et
1595 557 1797 615 amor,
1855 558 2035 621 quem
2098 542 2378 603 nostrum
2439 539 2783 605 dominium
2847 541 3046 623 gessit
3106 559 3253 623 erga

515 623 979 704 predecessores
1033 624 1265 687 domini
1314 625 1482 707 rogis
1529 626 1869 708 Hungarie,
1920 645 2070 708 quos
2116 627 2177 690 in
2227 627 2442 691 multis
2505 628 2748 691 casibus
2812 628 3247 692 honoravimus

516 713 579 774 et
611 711 1037 775 amicabiliter
1083 713 1447 777 servivimus
1482 762 1496 776 .
1533 762 1547 776 .
1585 760 1597 773 .
1639 716 1701 776 et
1743 719 1838 777 est
1884 715 2078 778 nostri
2125 714 2422 796 propositi
2471 734 2711 780 servare
2754 717 2816 780 et
2862 716 3059 779 facere
3107 734 3249 779 cum

514 798 760 862 domino
803 818 949 881 rege
1003 799 1306 881 presenti3
1357 819 1468 864 nec
1515 802 1887 883 perpendere
1932 803 2258 884 possimne,
2305 804 2464 884 quod
2513 822 2622 885 per
2663 822 2769 867 nos
2802 803 2886 867 sit
2925 854 2938 867 .
2976 854 2989 866 .
3028 853 3041 867 .
3077 802 3250 867 encia

516 886 614 949 vel
660 904 850 949 causa
900 888 1070 951 iusta
1117 887 1488 951 turbationis
1536 891 1748 952 contra
1797 908 1926 952 nos.
1999 890 2226 954 Verum
2271 890 2345 953 de
2407 893 2536 953 tam
2586 891 2853 973 benigna
2897 891 2961 956 et
3006 890 3250 972 magni-

517 974 636 1037 fica
681 973 1011 1051 oblatione,
1064 974 1238 1037 nobis
1284 974 1447 1039 facta
1492 995 1601 1057 pro
1650 978 1824 1058 parte
1873 996 1983 1041 sua
2037 997 2142 1059 per
2188 979 2425 1041 dictum
2474 978 2928 1043 ambaxatorem
2963 981 3024 1042 et
3057 978 3245 1042 etiam

510 1080 619 1142 per
668 1080 810 1123 suas
860 1061 1113 1126 litteras
1154 1063 1332 1126 nobis
1378 1064 1619 1138 missae,
1673 1065 1945 1128 volentes
1995 1084 2103 1146 pro
2148 1065 2470 1129 concordio
2534 1065 2695 1129 111101·
2743 1086 2852 1130 uos
2899 1068 2962 1130 et
3008 1066 3245 1130 dictum

512 1148 825 1211 domiuum
876 1168 1086 1230 regem
1136 1151 1450 1231 Hungarie
1498 1151 1911 1215 amicabiliter
1973 1154 2359 1234 interponere
2425 1156 2630 1233 partes
2697 1172 2875 1230 suas,
2937 1152 3246 1235 imperiali

512 1236 873 1299 excellentie
928 1237 1152 1300 merito
1199 1238 1545 1302 refferimus
1591 1240 1934 1321 gratiarum
1972 1291 1983 1304 .
2023 1291 2035 1304 .
2073 1291 2085 1304 .
2121 1240 2417 1304 actiones.
2467 1238 2666 1318 Quam
2705 1241 3075 1305 oblationem
3105 1258 3247 1323 gra-

512 1323 772 1399 tissime,
822 1324 892 1386 nt
941 1343 1051 1405 pro
1099 1325 1322 1388 honore
1369 1345 1479 1390 suo
1527 1327 1805 1408 expedit,
1854 1330 2281 1409 acceptanteS,
2350 1347 2562 1391 sumus
2610 1329 2901 1405 contenti,
2969 1328 3128 1410 quod
3177 1347 3242 1392 se

516 1411 904 1491 interponat3
953 1413 1016 1475 et
1062 1410 1113 1475 si
1162 1415 1370 1494 posset
1411 1432 1737 1496 procurare
1802 1416 1867 1478 et
1912 1414 2144 1493 facere,
2195 1417 2351 1497 quod
2410 1415 2693 1479 dominus
2764 1437 2866 1480 rex
2930 1415 3244 1497 predictus

511 1497 798 1578 disponat
852 1497 1129 1562 animum
1177 1519 1354 1564 suum
1400 1502 1476 1564 ad
1524 1502 1852 1566 vivendum
1902 1508 1964 1566 et
1998 1552 2010 1565 .
2050 1553 2114 1567 ..
2164 1503 2482 1567 nobiscum
2545 1503 2605 1566 in
2676 1522 2828 1585 pace
2890 1507 2952 1566 et
3013 1521 3241 1582 amore,

513 1585 678 1650 sicut
724 1604 941 1649 sumus
990 1586 1273 1668 dispositi
1320 1608 1464 1671 erga
1508 1609 1669 1665 eum,
1717 1591 1833 1653 hoc
1879 1592 2054 1653 nobis
2104 1592 2353 1671 gratum
2416 1596 2582 1654 esset
2653 1590 3084 1673 multipliciter
3120 1641 3133 1654 .
3173 1641 3186 1655 .
3227 1640 3240 1654 .

513 1672 964 1755 subiungendo‚
1016 1674 1174 1756 quod
1223 1695 1333 1758 per
1373 1677 1799 1742 ambaxatores
1845 1682 2106 1753 nostrOS,
2156 1678 2495 1742 destinatos
2545 1680 2620 1742 ad
2667 1678 2985 1742 dominum
3034 1696 3240 1760 regem

512 1760 851 1841 Hungarie,
904 1762 1231 1840 sensimus,
1280 1764 1438 1845 quod
1487 1765 1914 1829 ambaxatores
1963 1785 2070 1829 sue
2117 1766 2461 1830 maiestatis
2526 1766 2684 1847 apud
2734 1766 2968 1830 dictum
3034 1784 3242 1848 regem

513 1847 856 1930 tetigerunt
904 1850 960 1913 ei
1004 1848 1217 1931 pulcra
1265 1854 1329 1916 et
1373 1852 1655 1934 graciosa
1701 1852 1888 1917 verba
1935 1853 1995 1915 in
2043 1854 2314 1918 favorem
2362 1857 2663 1930 nostrum,
2704 1853 2778 1916 de
2817 1872 2932 1937 quo
2979 1853 3097 1917 sibi
3145 1872 3242 1916 re-

510 1954 656 2018 grac
683 1954 861 2000 amur
908 1937 1226 2017 immense,
1277 1940 1595 2003 credentes
1636 1958 1776 2004 011111
1823 1941 2108 2005 continuo
2148 1941 2414 2023 reperire
2460 1941 2827 2024 dispositum
2876 1942 2953 2004 ad
2999 1959 3244 2005 conser-

509 2022 815 2087 vationem
863 2025 1142 2087 nostram
1190 2027 1422 2109 pariter
1469 2029 1656 2108 atque
1703 2030 1957 2091 statum.

595 2111 753 2172 Scor.
798 2131 955 2173 cons.
998 2122 1188 2189 royat.
1233 2118 1309 2175 B.
1353 2119 1412 2195 3,
1461 2135 1503 2175 u
1549 2119 1765 2176 arlo-iva
1801 2119 2157 2178 mletackom.

902 2303 1216 2385 CXIII.
1268 2304 1475 2385 God.
1530 2304 1759 2385 1348.
1812 2305 1905 2387 13
1959 2306 2329 2407 travnja,
2384 2328 2443 2386 u
2499 2305 2889 2387 llssetcih.

508 2428 738 2489 Ναῑαέε
783 2447 844 2489 se
878 2430 1295 2502 pomorskomu
1340 2431 1660 2501 Ισαρείαηα,
1702 2430 1782 2487 da
1829 2432 1941 2488 ako
1976 2448 2078 2488 niu
2123 2431 2293 2505 dodje
2333 2433 2483 2505 9103,
2553 2433 2634 2490 da
2676 2450 2737 2491 se
2780 2433 3092 2504 repubzika
3136 2449 3238 2491 za-

507 2518 697 2575 ratc'la
741 2534 813 2576 sa
857 2518 1161 2592 uqarskim
1207 2518 1476 2591 kraljem,
1523 2518 2187 2678 nastojtivqsgjgagzisvojiti
2232 2522 2364 2578 otok
2410 2519 2564 2590 Krf,
2629 2521 2699 2578 ili
2745 2522 2942 2579 barem
2989 2523 3238 2593 njeyovu

731 2726 914 2790 1348.
958 2725 1061 2790 die
1110 2726 1265 2790 XIII
1312 2725 1547 2808 aprilis,
1598 2731 1810 2808 capta:
1859 2727 2002 2808 quia
2050 2726 2316 2790 multum
2364 2728 2530 2791 esset
2559 2727 2714 2791 utile
2754 2726 2938 2791 factis
2969 2726 3233 2805 nostrie,

515 2814 577 2877 in
630 2831 778 2877 casu
827 2833 943 2897 quo
991 2814 1322 2879 debeamus
1370 2833 1503 2878 esse
1547 2813 1859 2879 discordes
1907 2832 1943 2878 a
1989 2815 2232 2879 domino
2296 2834 2437 2896 rege
2484 2815 2833 2897 Hungarie,
2898 2813 3122 2878 habere
3167 2815 3233 2878 in

514 2903 732 2965 nostra
782 2901 1061 2965 custodia
1103 2903 1308 2966 locum
1357 2906 1419 2965 et
1466 2903 1741 2965 castrum
1788 2903 2050 2983 Corphu,
2099 2902 2430 2966 dummodo
2475 2903 2593 2968 hoc
2637 2904 2747 2967 fiat
2793 2906 2970 2968 caute
3017 2904 3082 2967 et
3127 2921 3236 2984 per

517 2988 711 3052 talem
758 2989 1032 3065 modum,
1082 2990 1240 3071 quod
1288 3008 1409 3053 non
1453 2989 1793 3072 preiudicet
1838 2990 2020 3054 factis
2068 2990 2328 3054 nostris:
2393 2990 2565 3055 vadit
2624 3009 2804 3072 pars,
2868 2989 3029 3074 quod
3074 2993 3238 3054 noti-

520 3078 743 3140 ficetur
788 3096 896 3158 per
941 3076 1269 3141 Rafainum
1319 3077 1821 3141 ambaxatoribus
1869 3077 2118 3155 nostrie,
2166 3078 2324 3159 quod
2370 3078 2423 3141 si
2470 3078 2769 3156 viderint,
2819 3080 2981 3162 quod
3041 3079 3235 3141 simus

520 3162 584 3226 in
628 3164 936 3227 discordia
981 3183 1119 3228 cum
1170 3165 1413 3228 domino
1459 3183 1601 3247 rege
1643 3165 1936 3245 predicto,
1987 3165 2249 3229 debeant
2278 3184 2463 3247 quam
2492 3165 2677 3230 citius
2704 3168 2766 3229 et
2789 3185 2972 3248 quam
2999 3165 3235 3230 cautius

516 3251 807 3331 poterunt
852 3270 993 3314 cum
1043 3270 1148 3315 sua
1198 3253 1529 3316 securitate
1576 3251 1720 3316 dare
1764 3252 1908 3316 inde
1955 3252 2253 3317 noticiam
2301 3254 2514 3317 comiti
2562 3256 2772 3317 nostro
2819 3252 3113 3336 Ragusii,
3171 3254 3233 3315 et

513 3357 623 3419 per
670 3337 856 3402 aliam
905 3339 1071 3404 viam
1115 3339 1279 3403 sicut
1316 3358 1423 3403 sue
1472 3339 1827 3403 discretioni
1871 3340 2197 3417 videbitur,
2247 3340 2567 3422 capitaneo
2611 3344 2816 3404 nostro
2861 3338 3099 3404 unionis
3137 3337 3236 3402 vel

514 3425 742 3506 culphi.
792 3424 874 3489 Et
920 3426 1227 3491 scribatur
1272 3426 1437 3490 dicto
1506 3427 1718 3490 comiti
1765 3427 2059 3510 Ragusii,
2102 3427 2257 3509 quod
2322 3428 2375 3490 si
2421 3427 2707 3491 habuerit
2751 3427 2829 3491 ab
2873 3426 3232 3491 ambaxato-

520 3513 692 3577 ribus
731 3514 977 3590 nostris,
1027 3532 1180 3596 quos
1227 3514 1530 3578 habemus
1572 3513 1647 3577 ad
1696 3533 1905 3597 regem
1945 3514 2295 3597 Hungarie,
2343 3515 2501 3595 quod
2561 3515 2754 3579 simus
2816 3514 2879 3577 in
2925 3511 3231 3589 discordia

515 3617 655 3664 cum
705 3619 792 3677 ee,
836 3603 1054 3666 statim
1101 3601 1335 3683 absque
1382 3601 1510 3665 ulla
1555 3601 1853 3665 dilacione
1900 3603 2121 3666 debeat
2164 3601 2277 3665 hec
2318 3602 2579 3665 scribere
2626 3621 2734 3682 per
2758 3620 2946 3665 unum
2990 3600 3228 3683 lignum

509 3689 820 3752 armatum
868 3690 1189 3770 capitaneo
1236 3689 1476 3753 unionis
1523 3688 1618 3753 vel
1665 3688 1893 3771 culphi,
1953 3688 2055 3769 qui
2103 3688 2328 3751 debent
2389 3707 2454 3751 se
2514 3687 2778 3769 reperire
2839 3687 2903 3750 in
2949 3685 3230 3770 partibus

510 3775 813 3840 Mothoni.
864 3776 947 3840 Et
992 3776 1297 3841 scribatur
1337 3777 1520 3840 dictis
1565 3776 1903 3858 capitaneis
1937 3775 2181 3853 nostris,
2230 3775 2391 3856 quod
2438 3774 2491 3838 si
2516 3774 2826 3839 senserint
2849 3795 2956 3859 per
2988 3775 3232 3839 litteras

505 3863 655 3928 dicti
682 3862 928 3927 comitis
953 3864 1147 3928 nostri
1182 3865 1280 3929 vel
1304 3884 1408 3944 per
1433 3863 1673 3928 litteras
1698 3864 2168 3927 ambaxatorum
2194 3866 2561 3940 nostrorum,
2581 3861 2737 3945 quod
2762 3860 2876 3949 (sit
2895 3851 3232 3949 discor)dia

509 3969 647 4014 cum
690 3949 938 4014 domino
983 3970 1127 4034 rege
1169 3951 1456 4032 predicto,
1506 3953 1653 4015 dent
1707 3969 1955 4033 operam
2003 3954 2068 4014 et
2117 3954 2447 4032 procurent
2511 3968 2622 4014 suo
2683 3970 2857 4032 posse
2905 3971 3010 4033 per
3056 3951 3232 4014 illam

507 4038 671 4101 viam
717 4039 781 4101 et
828 4038 1100 4115 modum,
1149 4039 1252 4120 qui
1298 4038 1667 4103 videbuntur
1712 4040 1799 4102 eis
1848 4056 1958 4120 pro
2004 4040 2230 4103 honore
2292 4040 2504 4102 nostro
2553 4040 2615 4102 et
2660 4037 2816 4102 bono
2865 4038 3104 4122 negocii
3159 4056 3232 4103 ac

508 4124 841 4189 securitate
889 4145 1019 4203 sua,
1069 4125 1228 4207 quod
1276 4126 1477 4190 insula
1523 4127 1587 4189 et
1631 4126 1902 4190 castrum
1948 4126 2024 4191 de
2071 4124 2318 4207 Corphu
2364 4145 2429 4190 se
2487 4125 2824 4190 submittat
2867 4129 3080 4191 nostro
3125 4127 3233 4191 do-

509 4211 719 4290 minio,
769 4213 1042 4277 faciendo
1091 4217 1156 4277 et
1197 4215 1577 4295 procurando
1623 4213 1743 4295 ipsi
1789 4217 1987 4291 caute,
2034 4217 2107 4278 ut
2151 4213 2393 4295 possint
2415 4214 2641 4278 habere
2688 4214 2753 4277 et
2798 4214 3086 4297 consequi
3121 4231 3231 4278 110-

511 4298 705 4361 stram
751 4299 1158 4364 intentionem
1207 4319 1346 4364 cum
1396 4302 1623 4364 honore
1675 4309 1884 4364 nostro
1949 4304 2013 4365 et
2073 4302 2454 4366 salvamento
2500 4320 2647 4376 suo,
2698 4303 2769 4364 ut
2831 4302 3062 4366 dictum
3114 4303 3226 4379 est,

509 4385 573 4448 et
617 4386 815 4467 possit
847 4388 1047 4451 dictus
1093 4386 1453 4469 capitaneus
1498 4387 1596 4452 vel
1641 4389 1965 4469 capitanei,
2008 4390 2110 4471 qui
2144 4388 2260 4452 ibit
2309 4388 2407 4452 vel
2439 4388 2620 4452 ibunt
2656 4406 2761 4469 pro
2796 4389 2915 4454 isto
2956 4389 3225 4471 negocio,

511 4473 847 4553 expendere
894 4476 958 4537 et
1002 4476 1149 4540 dare
1196 4474 1357 4539 sicut
1418 4475 1668 4557 putabit
1725 4475 1823 4540 vel
1881 4476 2191 4557 putabunt
2251 4474 2370 4557 ipsi
2436 4475 2585 4540 utile
2648 4493 2756 4557 pro
2804 4477 3229 4540 consecutione

508 4559 679 4623 facti.
727 4559 809 4622 Et
854 4560 1058 4625 sinon
1110 4564 1317 4644 posset
1361 4563 1458 4627 vel
1520 4566 1772 4643 possent
1821 4562 2051 4626 habere
2113 4563 2313 4626 locum
2374 4564 2439 4626 et
2498 4561 2765 4627 insulam
2825 4563 3050 4640 libere,
3101 4562 3228 4625 sint

513 4646 787 4710 contenti
833 4648 1107 4730 accipere
1154 4652 1428 4713 castrum
1472 4648 1538 4712 in
1583 4652 1794 4714 nostra
1844 4648 2142 4726 custodia,
2178 4649 2367 4714 salvis
2413 4649 2650 4714 iuribus
2683 4667 3224 4730 quorumcumque.

507 4733 588 4796 Et
632 4732 686 4797 si
732 4736 877 4800 ante
921 4754 1107 4817 quam
1153 4736 1506 4817 capitaneus
1550 4738 1758 4801 noster
1803 4737 2013 4819 culphi
2052 4737 2306 4816 deberet
2349 4737 2562 4818 exequi
2605 4737 2763 4800 hanc
2809 4738 3083 4801 nostram
3131 4734 3226 4799 in-
