3620 5282
511 350 640 419 264

512 546 634 594 non
679 525 999 604 haberent,
1049 543 1202 609 quos
1249 526 1496 592 mittere
1543 526 1814 608 possent,
1861 526 2075 610 possit
2124 525 2322 592 redire
2370 529 2434 592 et
2478 525 2762 593 habitare
2808 527 3090 595 Jadram.
3165 528 3248 592 Et

519 618 574 682 si
612 613 935 681 consilium
983 616 1101 679 etc.
1150 615 1244 680 De
1292 615 1466 697 parte
1511 614 1618 692 57,
1665 615 1788 694 523
1837 614 1913 679 de
1960 633 2078 680 non
2126 615 2230 693 23,
2281 615 2385 679 28.

600 705 779 766 Misti
829 703 1109 764 XXVII.
1160 708 1215 775 1,
1262 723 1305 765 u
1350 706 1567 765 arkivu
1608 705 1969 765 meetackom.

813 893 1301 978 CCGXOIV.
1366 895 1573 979 θοὰ.
1629 894 1861 979 1354.
1915 896 2019 979 29
2074 896 2448 997 travnja,
2505 916 2562 976 u
2616 894 3009 979 Mletcih.

518 1021 874 1096 Dopusaeeuo
916 1023 1048 1097 yori
1095 1026 1516 1096 pomenutomu
1563 1022 1957 1093 Zadram'nu,
2005 1023 2178 1082 komu
2223 1039 2284 1082 se
2329 1022 2610 1081 dozvolilo
2658 1022 2844 1096 bjese,
2891 1023 2971 1081 da
3014 1039 3090 1083 za
3133 1024 3249 1082 dna

744 1110 993 1178 miescca
1035 1126 1199 1170 samo
1234 1110 1450 1184 proebe
1495 1128 1537 1168 u
1584 1109 1806 1179 Zadar,
1855 1112 2008 1170 nelca
2051 1128 2113 1170 sc
2156 1111 2354 1169 stalno
2402 1128 2443 1169 u
2491 1110 2698 1169 Zadar
2741 1111 3004 1170 nastani.

728 1226 916 1294 1354.
967 1228 1065 1294 die
1103 1230 1447 1311 penultimo
1495 1229 1728 1312 apriliS,
1775 1231 1993 1312 capta:
2043 1231 2202 1313 quod
2249 1229 2410 1294 sicut
2456 1229 2651 1312 pridie
2709 1248 3079 1296 concessum
3122 1229 3243 1295 fuit

519 1316 700 1383 Gallo
747 1316 821 1381 de
870 1315 1077 1382 Oande
1123 1319 1195 1380 de
1244 1317 1437 1382 Jadra
1487 1318 1790 1382 confinato
1844 1318 1921 1381 ad
1965 1317 2238 1396 insulas,
2288 1317 2447 1400 quod
2502 1319 2696 1400 possit
2740 1317 2828 1383 ire
2872 1317 3135 1384 Jadram
3183 1320 3247 1383 et

523 1407 686 1469 stare
732 1424 841 1488 per
885 1404 1034 1469 duos
1082 1422 1344 1483 menses,
1396 1406 1485 1469 ita
1535 1405 1928 1470 considerata
1975 1405 2164 1470 debili
2212 1406 2562 1470 condicione
2607 1424 2718 1470 sua
2765 1407 3135 1471 concedatur
3167 1406 3244 1485 ei,

516 1492 682 1573 quod
728 1492 923 1573 possit
968 1491 1057 1556 ire
1102 1491 1362 1556 Jadram
1415 1494 1478 1557 et
1524 1494 1689 1558 stare
1735 1492 2020 1558 absolute
2068 1493 2197 1558 sine
2244 1493 2449 1576 aliquo
2496 1493 2780 1558 termino.

605 1581 802 1652 Misti,
852 1582 982 1640 XX
992 1582 1132 1642 VII.
1177 1584 1238 1653 2,
1283 1600 1327 1642 u
1374 1584 1591 1642 arkivu
1627 1584 1988 1643 mlctackom.

830 1768 1272 1852 CCCXCV.
1328 1771 1535 1855 God.
1589 1772 1818 1857 1354.
1872 1773 1967 1856 21
2022 1774 2388 1875 svibnja,
2443 1797 2503 1855 u
2558 1773 2949 1856 ffletcih.

801 1884 965 1969 salja
1008 1913 1071 1956 se
1118 1898 1294 1956 2000
1339 1898 1570 1958 dulcata
1617 1916 1660 1956 u
1707 1898 1918 1957 Ζαᾱαν
1969 1916 2042 1959 za
2076 1900 2253 1972 place
2299 1900 2321 1957 ι·
2367 1900 2551 1974 amqe
2587 1901 2966 1972 potrebfftine.

744 2016 931 2080 1354.
980 2015 1318 2082 indictione
1369 2017 1504 2097 VII,
1553 2019 1651 2082 die
1699 2019 1854 2083 XXI
1901 2019 2068 2098 maii,
2110 2023 2326 2101 capta:
2372 2021 2532 2102 quod
2578 2020 2911 2086 mittantur
2958 2022 3252 2087 ducatiII

523 2102 698 2169 mille
738 2104 800 2168 in
845 2104 1109 2168 monetis
1155 2104 1414 2169 Jadram
1457 2125 1567 2188 pro
1613 2107 1789 2189 pagis
1837 2108 1900 2171 et
1944 2106 2087 2172 aliis
2135 2107 2414 2190 expensis
2456 2108 2841 2191 opportunis,

604 2194 801 2264 Misti,
852 2193 1133 2253 XXVII.
1178 2198 1237 2265 2,
1283 2214 1325 2255 u
1370 2197 1708 2259 mletackom
1754 2199 1987 2256 arkivu.

857 2380 1342 2467 CCCXCVI.
1396 2384 1604 2467 God.
1658 2383 1889 2468 1354.
1944 2383 1993 2466 3
2045 2384 2362 2487 lipnja‚
2414 2408 2474 2466 ιι
2525 2385 2917 2469 Mletcih.

525 2509 795 2588 Rieseno,
844 2511 924 2569 da
967 2528 1029 2570 sc
1070 2511 1320 2584 odpravi
1361 2511 1638 2583 poslanik
1676 2512 1717 2570 k
1760 2512 2068 2571 srbskomu
2113 2529 2260 2570 caru
2278 2558 2292 2582 ,
2339 2512 2491 2571 nelca
2538 2510 2708 2581 trabi,
2756 2512 2837 2569 da
2881 2512 3076 2591 sloede,
3124 2515 3248 2574 uci-

896 2599 1070 2673 njcue
1104 2599 1436 2658 mletackim
1468 2599 1836 2673 poclam‘lcom
1882 2617 1924 2659 u
1967 2599 2236 2676 njcyovih
2280 2600 2550 2677 stranah,
2597 2598 2883 2658 naknadi.

741 2718 926 2783 1354.
977 2718 1304 2785 indictione
1354 2716 1495 2794 VII,
1543 2720 1733 2784 tercio
1780 2719 1953 2785 iunii.
2003 2717 2177 2798 Quod
2226 2719 2289 2783 in
2335 2718 2662 2784 servicium
2709 2719 3243 2803 infrascriptorum

499 2802 883 2871 'nostrorum
924 2807 1224 2874 nobilium
1276 2809 1342 2872 et
1389 2806 1654 2872 aliorum
1700 2810 2115 2873 mercatorum
2162 2808 2655 2873 conversantium
2703 2806 2765 2872 in
2813 2808 3094 2890 partibus
3120 2808 3249 2873 Ra-

531 2892 625 2958 xie
674 2895 738 2958 et
781 2895 1137 2960 debentium
1188 2897 1454 2977 recipere
1498 2914 1535 2959 a
1582 2913 1724 2980 rege
1772 2895 1870 2960 vel
1917 2896 1991 2960 de
2041 2895 2223 2960 dictis
2271 2895 2550 2977 partibus
2601 2914 2888 2978 magnam
2937 2914 3248 2961 summam

532 2981 807 3062 pecunie,
855 3001 964 3064 pro
1008 3002 1267 3064 quarum
1317 2983 1742 3048 satisfactione
1790 2984 1996 3066 sepius
2024 2982 2325 3066 scriptum
2358 2985 2471 3056 est,
2522 2983 2586 3047 et
2630 3001 2823 3067 usque
2850 3003 3010 3048 nunc
3042 2987 3250 3049 tamen

537 3085 656 3130 non
706 3071 1021 3149 potuerint
1068 3070 1314 3148 habere,
1360 3072 1558 3152 possit
1604 3071 1777 3135 mitti
1823 3072 2049 3153 aliquis
2097 3071 2354 3136 nuncius
2399 3070 2476 3134 ad
2526 3089 2820 3153 expensas
2866 3090 3098 3147 eorum,
3145 3072 3251 3155 qui

534 3154 779 3236 placeat
824 3155 1110 3232 domini0,
1161 3159 1237 3221 ad
1283 3159 1753 3240 procurandum,
1778 3159 2264 3224 satisfactionem
2312 3176 2520 3222 eorum
2559 3177 2699 3223 cum
2759 3159 2960 3224 verbis
3006 3163 3072 3224 et
3117 3177 3250 3224 mo-

536 3240 632 3304 dis
674 3241 949 3306 honestis
997 3246 1061 3308 et
1106 3245 1499 3323 decentibus,
1564 3247 1728 3310 sicut
1787 3246 2071 3311 convenit
2116 3245 2310 3310 statui
2374 3249 2439 3310 et
2499 3245 2954 3311 conditionibus
3001 3246 3245 3325 nostris,

533 3346 673 3392 cum
718 3328 829 3392 illa
877 3331 1324 3409 commissione,
1373 3351 1489 3413 que
1535 3334 1845 3398 videbitur
1896 3332 2321 3398 dominationi.
2371 3331 2481 3397 Ser
2514 3332 2809 3399 Nicolaus
2855 3335 3122 3410 Faletro,
3149 3353 3247 3400 ser

524 3415 755 3479 Paulus
802 3416 993 3495 Geno,
1044 3437 1144 3483 ser
1183 3419 1554 3484 Franciscus
1602 3421 1844 3500 Ruzini,
1890 3440 1989 3486 ser
2033 3422 2271 3487 Tadeus
2317 3421 2597 3499 Zantani,
2646 3440 2745 3486 ser
2770 3421 3038 3487 Zaninus
3077 3420 3245 3488 Gon-

522 3502 647 3580 ber‚
696 3522 795 3568 ser
835 3503 1129 3570 Nicolaus
1177 3505 1534 3590 Mighorati.

607 3593 786 3654 Misti
828 3588 967 3654 XX
976 3596 1118 3655 VII.
1156 3598 1217 3667 2,
1256 3615 1299 3657 u
1339 3598 1679 3659 mletackom
1726 3601 1963 3659 arkivu.

821 3783 1853 3872 cccxcvll..(}0d1354.
1906 3787 2003 3868 16
2056 3788 2371 3891 Imma,
2427 3812 2487 3870 u
2538 3789 2930 3873 Mletcih.

823 3911 995 3969 Neka
1041 3928 1102 3970 se
1146 3912 1469 3972 rimskomu
1512 3914 1699 3973 dvoru
1728 3916 2059 3988 preporuce
2092 3916 2394 3989 poslanici
2438 3918 2720 3992 srbskoya
2757 3918 2973 3989 kralja.

745 4029 928 4095 1354.
978 4031 1076 4096 die
1124 4032 1270 4098 XVI
1317 4033 1488 4111 iunii,
1538 4036 1748 4117 capta:
1815 4036 1975 4119 quod
2037 4036 2276 4119 possint
2340 4037 2529 4102 scribi
2595 4038 2804 4103 littere
2865 4038 2929 4102 iu
2992 4056 3248 4103 romana.

522 4118 716 4195 curia,
769 4118 1053 4184 videlicet
1100 4119 1348 4186 domino
1392 4141 1548 4204 pape
1595 4125 1659 4188 et
1704 4122 1832 4188 illis
1879 4124 2311 4203 cardinalibus,
2378 4125 2604 4208 quibus
2664 4124 3004 4203 videbitur,
3053 4125 3117 4190 in
3158 4127 3250 4191 fa·-

520 4222 725 4269 vorem
779 4208 841 4269 et
886 4207 1561 4275 recommendacionem
1599 4210 1858 4275 istorum
1908 4212 2375 4278 ambaxatorum
2421 4212 2655 4278 domini
2712 4212 2876 4296 regis
2923 4213 3134 4292 Raxie,
3184 4218 3247 4278 et

522 4291 786 4374 negocii,
838 4312 946 4372 pro
994 4314 1116 4376 quo
1164 4297 1411 4374 vadunt,
1463 4298 1525 4362 in
1573 4315 1647 4363 ea
1693 4297 1912 4377 forma,
1956 4319 2075 4383 que
2121 4300 2431 4367 videbitur
2476 4302 2780 4385 expedire.

606 4380 785 4440 Misti
835 4382 1106 4444 XXVII
1143 4387 1204 4456 2,
1251 4403 1293 4445 u
1337 4388 1676 4449 mletadkom
1721 4391 1954 4449 arkivu.
