3620 5282
3029 359 3151 424 139

423 542 708 607 inducere
752 543 978 621 habeat
1027 545 1492 622 etxconservare
1535 561 1813 608 amorem
1857 541 2189 624 pristinum
2241 541 2401 603 inter
2463 540 2690 621 partes,
2770 538 2852 601 Et
2899 536 3043 600 licet
3086 536 3146 598 iu

420 631 555 694 iure
606 632 812 695 nostro
857 630 1215 713 plenissime
1272 631 1684 707 confidamus,
1750 633 1957 695 tamen
2009 630 2151 711 quia
2204 628 2498 691 deducere
2556 627 2691 690 iura
2735 644 2839 706 per
2876 623 3146 706 aliquem

420 718 673 782 modum
727 737 905 782 cause
953 738 1058 783 seu
1109 719 1318 782 iudicii
1366 721 1574 800 posset
1625 719 1869 782 trahere
1910 717 2334 781 verisimiliter
2396 714 2630 779 factum
2682 714 2739 775 in
2788 712 3040 792 longum
3092 715 3155 773 et

424 824 720 889 generare
768 805 1184 871 confusionem
1232 808 1394 870 inter
1441 810 1663 888 parteS,
1731 825 1847 887 que
1895 808 2024 869 tarn
2090 804 2439 868 benivolum
2506 819 2778 866 amorem
2837 799 3151 874 affectant,

425 894 740 958 credimus
787 913 920 957 esse
981 895 1202 958 melius
1249 898 1313 958 et
1358 896 1561 976 magis
1613 912 1944 958 consonum
1988 893 2230 975 utrique
2278 892 2459 974 parti,
2510 909 2583 953 ne
2629 891 2875 953 tantum
2926 887 3154 949 bonum

417 981 783 1063 aliqualiter
829 984 1195 1059 retardetur,
1245 986 1315 1047 ut
1362 983 1574 1046 statim
1627 983 1786 1045 bona
1834 981 1969 1063 pax'
1997 983 2059 1044 et
2106 979 2430 1043 concordia
2477 977 2891 1041 amicabiliter
2937 979 2999 1036 et
3047 973 3153 1036 do·

414 1070 672 1132 mestice
721 1069 832 1133 fiat
878 1089 985 1151 per
1031 1071 1278 1134 modum
1327 1069 1588 1133 alicuius
1640 1071 1789 1133 bone
1838 1068 2303 1150 composicionis
2349 1069 2413 1130 et
2446 1064 2791 1130 amicabilis
2824 1065 3151 1126 tractatus,

415 1156 505 1220 Et
552 1157 613 1220 in
662 1157 774 1221 hoc
823 1176 969 1221 casu
1011 1160 1250 1240 possint
1295 1159 1720 1221 ambaxatores
1775 1175 2137 1237 componere
2201 1174 2310 1238 per
2356 1154 2603 1217 modum
2667 1151 3151 1232 infrascriptum.

420 1244 509 1308 Et
553 1243 697 1325 quia
745 1244 821 1308 de
867 1245 1249 1326 providentia
1311 1248 1656 1310 nostrorum
1720 1246 2190 1309 ambaxatorum
2255 1260 2582 1325 possumus
2644 1239 2917 1323 plenarie
2963 1237 3163 1312 confi<

422 1334 586 1409 dere,
637 1332 724 1395 sit
772 1332 832 1395 in
885 1352 1095 1397 eorum
1160 1333 1530 1397 discretione
1590 1332 1921 1414 incipiendi
1984 1332 2062 1394 ab
2109 1330 2215 1394 illo
2275 1330 2547 1410 capitulo
2594 1328 2668 1391 de
2716 1326 3149 1407 infrascriptis,

421 1420 584 1501 quod
633 1420 724 1484 eis
773 1420 994 1485 melius
1044 1420 1355 1485 videbitur
1403 1440 1512 1504 pro
1563 1422 1783 1485 honoro
1836 1422 2044 1483 nostro
2093 1420 2156 1481 et
2202 1419 2359 1482 bono
2406 1417 2574 1480 facti.
2636 1416 2774 1479 Non
2822 1414 3044 1477 sinceri
3105 1417 3152 1488 1,

425 1509 500 1570 de
545 1525 665 1572 non
722 1512 771 1585 1,
822 1508 929 1571 6111
978 1511 1050 1572 (16
1100 1511 1291 1592 parte.

638 1594 861 1659 Modus
905 1601 1116 1660 autem
1162 1597 1630 1681 composicionis
1674 1598 1771 1661 est
1817 1598 1952 1660 iste.

640 1681 873 1766 Capta:
912 1686 1269 1750 remittente
1318 1687 1563 1749 domino
1630 1703 1771 1767 rege
1819 1688 1884 1748 et
1932 1682 2373 1748 transferrente
2412 1684 2474 1746 in
2524 1701 2632 1745 nos
2680 1681 2896 1745 statim
2962 1681 3155 1745 libere

426 1771 491 1835 61
536 1772 815 1851 expedite
856 1773 1086 1855 absque
1135 1774 1264 1837 ulla
1311 1774 1695 1837 condictione
1742 1773 1803 1836 in
1854 1772 2219 1855 perpetuum
2267 1772 2476 1834 omnia
2518 1772 2681 1846 iura,
2733 1790 2847 1852 que
2894 1769 3153 1833 haberet

423 1857 521 1921 vel
570 1857 807 1922 diceret
850 1860 1076 1924 habere
1125 1861 1185 1924 in
1233 1862 1416 1925 dictis
1464 1865 1725 1943 quatuor
1771 1861 2162 1935 civitatibus,
2212 1861 2275 1923 et
2334 1859 2708 1942 generaliter
2768 1860 2830 1920 in
2878 1857 3019 1920 aliis
3067 1857 3154 1920 ci·

420 1945 721 2009 vitatibus
769 1950 833 2010 et
876 1948 1030 2011 locis
1058 1950 1394 2026 Dalmacie,
1445 1968 1596 2030 quas
1642 1951 1925 2012 tenemus
1974 1967 2109 2011 cum
2149 1946 2540 2028 pertinenciis
2588 1948 2963 2020 earumdem,
3013 1962 3155 2027 pos-

425 2033 553 2096 sint
601 2035 1032 2100 ambaxatores
1083 2038 1448 2119 promittere
1495 2038 1657 2100 inter
1704 2056 1910 2120 regem
1948 2041 2009 2099 et
2059 2036 2312 2098 barones
2360 2036 2612 2098 ducatos
2656 2032 2766 2097 LX
2815 2032 3013 2096 millia
3061 2032 3155 2095 vel

424 2121 560 2184 inde
608 2122 769 2186 infra
814 2142 997 2205 quam
1048 2125 1251 2189 minus
1316 2129 1638 2208 poterunt,
1705 2123 1999 2188 facientes
2064 2125 2178 2187 hoc
2240 2123 2511 2205 predicto
2560 2122 2804 2186 domino
2855 2137 2997 2203 rege
3045 2138 3154 2201 pro

422 2227 486 2272 se
533 2211 597 2272 et
644 2213 1099 2276 successoribus
1148 2213 1277 2277 suis
1325 2214 1499 2277 nobis
1548 2215 1611 2276 et
1643 2213 2090 2276 successoribus
2138 2213 2365 2274 nostris
2401 2230 2505 2291 per
2539 2211 2785 2274 modum
2823 2207 3155 2272 transacti·
3238 2263 3243 2270 .

421 2296 552 2359 onis
601 2297 699 2360 vel
747 2315 992 2363 omnem
1021 2301 1212 2364 alium
1249 2302 1500 2382 modum
1540 2302 1742 2382 magis
1776 2303 2001 2376 tutum,
2053 2319 2193 2363 cum
2242 2299 2526 2361 cautellis
2572 2302 2634 2361 et
2676 2296 3157 2361 renunciacioni-

427 2384 542 2446 bus
596 2388 951 2467 opportunis
999 2388 1072 2450 de
1120 2390 1371 2452 consilio
1432 2390 1798 2469 sapientum,
1850 2407 1990 2452 cum
2050 2390 2356 2468 sapientes
2404 2387 2555 2449 iuris
2601 2386 2828 2461 dicant,
2879 2384 3038 2468 quod
3085 2384 3157 2447 de

422 2472 553 2535 iure
614 2472 726 2536 1106
775 2475 905 2538 11611
970 2478 1177 2558 potest
1239 2495 1378 2540 cum
1427 2476 1757 2541 securitate
1816 2479 2038 2540 nostra.
2088 2475 2229 2539 Non
2277 2474 2499 2538 sinceri
2558 2478 2609 2552 l,
2658 2475 2734 2537 de
2779 2491 2900 2538 non
2949 2472 3006 2548 7,
3048 2470 3157 2534 alii

422 2558 498 2622 de
544 2564 739 2643 parte.
2371 2644 2373 2646 q

645 2650 880 2733 Capta:
931 2655 993 2716 et
1039 2653 1091 2717 si
1140 2653 1291 2717 dicti
1335 2652 1532 2717 nostri
1597 2653 2023 2717 ambaxatores
2063 2651 2337 2716 obtinere
2398 2670 2519 2716 non
2581 2653 2831 2733 possent
2879 2650 3155 2712 nostram

436 2736 850 2803 intencionem
897 2760 1005 2823 per
1055 2741 1323 2823 aliquem
1353 2742 1656 2805 dictorum
1683 2743 2020 2815 modorum,
2069 2745 2133 2804 61
2178 2740 2339 2822 quod
2390 2740 2771 2814 rexdiceret,
2821 2738 2979 2819 quod
3016 2753 3159 2798 con-

431 2828 711 2888 tentatur
757 2829 966 2909 pocius
1016 2829 1087 2891 de
1136 2830 1356 2894 stando
1404 2829 1738 2911 cognicioni
1800 2831 1865 2892 et
1926 2829 2146 2892 iudicio
2202 2828 2551 2910 aliquorum
2599 2846 2669 2889 ex
2713 2823 3157 2907 principalibus

432 2912 668 2990 mundi,
721 2918 785 2978 et
831 2916 994 2979 ultra
1044 2916 1155 2980 1106
1200 2918 1439 2999 peteret
1485 2922 1547 2979 et
1594 2916 1932 2999 requireret
1979 2915 2208 2998 aliquid
2258 2916 2460 2992 aliud,
2511 2916 2638 2978 sive
2686 2913 2917 2976 faceret
2979 2931 3154 2975 11166-

435 3001 670 3063 cionem
722 3003 795 3065 de
836 3003 974 3067 aliis
1023 3005 1206 3068 terris
1259 3008 1321 3069 et
1363 3004 1513 3069 locis
1562 3003 1904 3079 Sclavenie,
1956 3006 2094 3085 quia
2141 3004 2553 3084 periculosum
2604 3003 2799 3076 esset,
2849 3002 2971 3064 ista
3033 3000 3156 3064 cito

435 3089 500 3150 et
545 3088 676 3151 sine
725 3090 930 3172 aliquo
973 3095 1256 3173 respectu
1304 3094 1379 3156 ad
1427 3092 1921 3156 submittendum
1971 3109 2079 3155 nos
2129 3091 2356 3154 iudicio
2399 3092 2767 3173 aliquorum,
2814 3092 2961 3152 tuuc
3006 3088 3157 3152 dicti

427 3177 858 3241 ambaxatores
900 3179 1233 3260 prudenter
1279 3184 1343 3244 et
1386 3181 1583 3256 caute,
1632 3180 1792 3244 sicut
1838 3179 1925 3244 eis
1978 3178 2302 3256 videbitur,
2352 3178 2624 3254 audiant,
2676 3176 2961 3260 quicquid
3008 3177 3158 3258 ipsis

432 3264 764 3342 peteretur,
815 3272 879 3328 et
924 3268 1204 3332 senciant
1247 3272 1311 3332 et
1350 3269 1602 3332 trahant
1648 3267 1938 3353 quicquid
1988 3268 2275 3348 poterunt
2321 3270 2450 3329 tam
2491 3266 2565 3328 de
2613 3266 2784 3329 finali
2819 3264 3158 3329 intencione

428 3349 582 3413 dicti
631 3350 859 3416 domini
910 3355 1073 3436 regis
1122 3357 1187 3418 et
1232 3374 1501 3430 suorum,
1551 3374 1735 3437 quam
1784 3357 1857 3419 de
1903 3355 2188 3418 omnibus
2235 3354 2395 3431 aliis,
2453 3374 2571 3436 que
2618 3355 2972 3417 viderentur
3018 3371 3158 3433 spe-

429 3441 604 3500 ctare
644 3440 708 3501 61
753 3442 1056 3521 pertinere
1103 3443 1318 3507 honori
1365 3446 1573 3507 nostro
1622 3446 1686 3507 et
1732 3444 1888 3506 bono
1933 3444 2348 3525 negociorum,
2400 3446 2463 3505 61
2510 3442 2802 3525 quidquid
2853 3441 3157 3504 senserint

434 3527 498 3589 et
545 3525 894 3605 habuerint,
945 3530 1238 3594 velociter
1283 3531 1459 3594 nobis
1506 3531 1779 3595 scribant
1827 3533 1892 3595 et
1936 3549 2114 3593 suum
2155 3531 2501 3606 consilium,
2551 3532 2616 3593 et
2660 3532 2941 3593 nostrum
2978 3548 3157 3609 expe-

433 3615 606 3675 ctent
633 3615 1015 3693 mandatum,
1065 3621 1136 3681 ut
1166 3619 1239 3682 de
1271 3618 1414 3682 11166
1436 3622 1649 3700 postea
1682 3617 1991 3702 provideri
2018 3619 2241 3694 valeat,
2290 3617 2450 3681 sicut
2476 3618 2782 3682 videbitur
2830 3615 2956 3679 fore
2982 3634 3154 3698 opuS.

648 3700 881 3784 Capta:
932 3707 1213 3787 preterea
1258 3707 1309 3770 si
1358 3726 1496 3770 611111
1544 3706 1643 3769 (161
1689 3706 1917 3771 auxilio
1986 3705 2347 3786 composicio
2395 3707 2519 3784 fiet,
2580 3704 2912 3787 procurent
2957 3703 3153 3767 nostri

430 3787 858 3854 ambaxatores
898 3796 1291 3873 possetenus,
1351 3794 1509 3875 quod
1575 3794 1857 3858 dominus
1912 3813 2017 3857 rex
2079 3791 2485 3875 personaliter
2546 3792 2818 3856 affirmet
2881 3793 2942 3854 61
2994 3791 3156 3854 iuret

427 3876 768 3957 predictam
813 3881 1321 3963 composicionem
1371 3881 1497 3945 sive
1561 3881 1903 3958 1166161116,
1971 3882 2441 3965 promittenteS,
2492 3882 2650 3963 quod
2696 3897 2805 3942 606
2866 3877 3158 3942 similiter

428 3961 880 4031 affirmabimus
928 3972 991 4030 et
1036 3967 1380 4033 iurabimus
1424 3969 1855 4050 personaliter,
1903 3971 2086 4050 prout
2132 3967 2388 4032 fecimus
2421 3969 2485 4032 in
2517 3969 2680 4032 facto
2713 3969 3152 4048 treuguarum3

429 4052 493 4113 et
535 4052 585 4113 si
636 4051 920 4118 dominus
969 4074 1069 4117 rex
1116 4075 1225 4137 pro
1270 4057 1490 4120 honore
1539 4057 1634 4120 sui
1678 4056 1929 4129 diceret,
1980 4055 2159 4139 quod,
2209 4058 2535 4139 postquam
2583 4054 2900 4138 presencia
2946 4055 3158 4118 nostra

432 4157 544 4202 1106
597 4141 694 4202 est
739 4140 843 4214 ibi,
889 4143 1155 4207 intendit
1200 4142 1433 4207 factum
1474 4145 1719 4208 firmare
1766 4145 2060 4208 similiter
2107 4164 2213 4225 per
2260 4143 2528 4208 sindicos
2576 4144 2725 4219 61116,
2777 4141 2976 4206 nostri
3017 4163 3153 4208 am-

433 4226 754 4291 baxatores
797 4228 872 4293 de
918 4230 1032 4294 hoc
1079 4231 1268 4294 etiam
1316 4231 1444 4294 sint
1489 4232 1780 4307 contenti,
1830 4232 2160 4297 dummodo
2224 4230 2577 4295 huiusmodi
2630 4229 2850 4295 sindici
2899 4231 3154 4295 manda-

433 4316 570 4377 tum
616 4314 886 4379 habeant
928 4319 992 4380 et
1036 4318 1390 4383 libertatern
1437 4318 1514 4382 ad
1539 4319 1810 4402 plenum.
1863 4322 2116 4401 Insuper
2163 4319 2308 4382 siin
2342 4320 2663 4383 contractu
2711 4338 2817 4381 seu
2866 4318 2929 4381 in
2964 4320 3160 4401 scrip-

432 4400 590 4464 turis
635 4402 858 4467 fiendis
907 4404 981 4469 de
1029 4406 1323 4487 predictis
1371 4406 1652 4471 dominus
1699 4425 1802 4470 rex
1849 4409 2104 4489 poneret
2141 4407 2202 4470 16
2253 4424 2361 4469 6110
2429 4406 2613 4471 titulo
2661 4406 3046 4471 Dalmaciam
3095 4410 3159 4472 61

431 4486 817 4569 Chroamam,
866 4495 1139 4557 nostrum
1190 4494 1481 4558 similiter
1526 4495 1746 4558 titulus
1809 4498 1978 4558 totus
2040 4495 2335 4576 ponatur3
2402 4495 2453 4557 si
2502 4512 2641 4558 vero
2702 4494 2858 4558 illud
2922 4498 3159 4559 taceret

431 4574 594 4639 sicut
638 4574 788 4641 facit
833 4580 897 4642 in
944 4580 1170 4644 litteris
1220 4582 1393 4645 nobis
1459 4582 1699 4657 11116616,
1766 4601 1880 4645 606
1930 4581 2298 4646 nominando
2363 4582 2750 4646 Dalmaciam
2816 4585 2879 4645 et
2924 4583 3156 4647 Obroa-

430 4662 612 4739 ciam‚
662 4667 854 4730 nostri
903 4668 1089 4731 etiam
1134 4673 1400 4747 taceant,
1448 4669 1702 4733 dicendo
1752 4669 1952 4734 solum
1997 4670 2115 4732 dux
2165 4669 2584 4733 Venetiarum.
2646 4668 2784 4734 Non
2831 4671 3054 4735 sinceri
3104 4676 3154 4748 1,

432 4750 508 4813 de
556 4767 675 4813 non
715 4753 778 4833 Ο,
824 4754 931 4818 alii
976 4755 1052 4819 de
1095 4763 1289 4838 parte.

3250 4412 3287 4439 Ὺ

3254 4608 3280 4637 ἱ
