3620 5282
476 358 607 425 256

480 533 985 618 probacionibuS,
1049 533 1539 618 alegacionibus,
1600 533 2137 617 responsionibus,
2200 533 2743 618 reprobacionibus
2806 536 2869 600 et
2914 536 3202 602 omnibns

478 623 619 687 aliis
662 623 1152 704 quibuscumque
1200 623 1458 701 iuribus,
1507 641 1622 705 que
1669 623 1831 688 dicte
1877 625 2087 706 partes
2120 624 2350 705 petere,
2399 622 2625 703 dicere,
2677 623 2944 707 alegate,
2993 643 3204 706 repro-

479 711 626 775 bare
673 711 737 775 et
772 709 848 774 de
895 728 1051 774 novo
1096 730 1432 795 proponere
1478 710 1824 776 voluerunt.
1892 710 2295 776 Considerate
2360 711 2587 791 etiam,
2637 712 2799 794 quod
2863 714 3202 778 secundnm

476 816 687 863 eorum
735 797 1176 862 conscientiam
1224 798 1395 865 nulla
1439 800 1713 882 partium
1760 798 2175 881 predictarum
2207 798 2494 882 probavit
2523 799 2615 863 ita
2659 800 2737 864 ad
2782 800 3058 882 plenum,
3092 818 3206 865 nec

485 885 575 949 ita
623 884 1021 963 sufficienter,
1071 886 1338 951 maxime
1387 886 1449 950 in
1499 886 1662 952 facto
1710 885 1862 951 dicti
1909 887 2221 971 Zuppani,
2286 888 2356 951 ut
2416 888 2680 970 predicti
2740 887 3055 971 sapientes
3102 907 3212 953 va·-

475 972 650 1038 leant
693 975 1019 1056 procedere
1066 992 1207 1038 cum
1258 974 1467 1038 ordine
1510 974 1832 1039 iudiciario
1878 974 1956 1038 ad
2023 974 2464 1040 consulendum
2527 974 2592 1040 in
2637 977 2957 1057 questione
3005 977 3069 1039 et
3114 975 3207 1039 di-

478 1059 717 1126 scordia
763 1060 1144 1143 supradicta.
1188 1062 1259 1125 Id
1308 1063 1469 1127 circo
1517 1061 1735 1128 christi
1781 1062 2029 1127 nomine
2075 1062 2380 1141 invocato,
2429 1081 2466 1127 a
2512 1080 2630 1144 quo
2677 1065 2847 1128 recta
2895 1063 3117 1127 iudicia
3148 1065 3213 1127 et

482 1149 648 1214 iusta
696 1148 954 1214 consilia
1002 1149 1377 1227 derivantur,
1430 1150 1646 1214 dicunt
1691 1152 1755 1215 et
1802 1150 2134 1215 consulunt
2177 1149 2253 1215 ad
2299 1151 2452 1228 hoc,
2515 1152 2587 1214 ut
2650 1150 2830 1215 ambe
2894 1154 3100 1233 partes
3146 1151 3210 1214 in

483 1237 669 1301 simul
713 1236 920 1302 vivere
965 1236 1214 1309 valeant
1261 1256 1402 1302 cum
1454 1257 1598 1320 pace
1647 1240 1711 1303 et
1755 1238 1981 1321 quiete,
2029 1239 2093 1302 et
2138 1237 2295 1320 quod
2336 1237 2612 1321 ipsarum
2659 1237 2936 1320 quelibet
2984 1238 3211 1303 habeat

484 1325 706 1389 merito
755 1325 1117 1388 contentari.
1165 1324 1339 1404 Quod
1386 1345 1495 1407 per
1539 1325 1776 1390 dictum
1824 1327 2176 1409 episcopum
2224 1326 2534 1409 eligantur
2579 1328 2696 1390 duo
2736 1325 3021 1409 zuppani,
3058 1343 3209 1407 quos

486 1411 750 1477 voluerit
795 1414 859 1476 et
904 1411 1024 1476 sibi
1070 1412 1292 1477 melius
1339 1413 1639 1495 placuerit
1683 1431 1790 1495 pro
1819 1413 2282 1478 conservatione
2330 1415 2394 1478 et
2438 1413 2858 1478 iurisdictione
2884 1413 3209 1496 dignitatis

491 1519 619 1577 sue,
667 1500 1000 1565 dummodo
1048 1519 1201 1564 unus
1247 1501 1519 1582 ipsorum
1568 1519 1983 1584 zuppanorum
2052 1502 2136 1565 sit
2179 1500 2254 1565 de
2302 1519 2421 1566 uno
2469 1502 2541 1565 de
2605 1501 2738 1565 illis
2789 1503 3057 1584 quatuor
3100 1501 3208 1564 do-

490 1589 694 1652 mibus
741 1586 986 1651 illorum
1036 1587 1337 1652 nobilium
1384 1588 1545 1652 dicte
1591 1590 1786 1667 terre,
1837 1590 1940 1670 qui
1997 1589 2180 1653 ambo
2242 1587 2504 1671 zuppani
2567 1589 2818 1653 insimul
2886 1589 3209 1653 exerceant

493 1677 557 1739 et
598 1674 831 1739 faciant
876 1674 1144 1739 officium
1193 1680 1606 1758 zuppanatuS,
1672 1676 1990 1759 exigentes
2048 1676 2322 1741 decimas
2382 1677 2447 1740 et
2507 1675 2675 1758 ipsas
2739 1678 2956 1741 dantes
3002 1680 3068 1741 et
3113 1676 3207 1740 di-

489 1762 887 1841 stribuenteS,
935 1763 1226 1828 videlicet
1270 1767 1397 1827 tres
1442 1766 1652 1846 partes
1698 1764 1979 1847 episcopo
2029 1766 2093 1827 et
2139 1764 2303 1829 clero
2351 1782 2483 1840 suo,
2533 1765 2597 1828 et
2627 1765 2912 1847 quartam
2959 1766 3203 1845 partem

488 1849 866 1932 procuratori
907 1850 1180 1929 ecclesie,
1230 1851 1405 1932 quod
1438 1851 1700 1934 recipiat
1743 1869 1852 1934 pro
1897 1851 2132 1915 fabrica
2182 1851 2438 1916 ecclesie
2484 1853 2825 1916 secundum
2875 1870 3093 1927 usum3
3150 1854 3213 1915 et

434 1938 640 2019 ‚quod
706 1937 813 2001 ille
859 1956 1213 2020 zuppanuS,
1262 1938 1366 2021 qui
1413 1938 1895 2004 confermabitur
1953 1939 2029 2003 de
2088 1939 2218 2003 illis
2281 1942 2543 2021 quatuor
2602 1939 2924 2018 domibuS,
2989 1939 3215 2003 habeat

480 2043 659 2089 suum
710 2025 1005 2089 salarium
1054 2026 1183 2090 sive
1232 2025 1386 2090 utile
1433 2026 1508 2090 de
1560 2026 1671 2091 illa
1729 2028 1951 2110 quarta
2014 2028 2223 2109 parte,
2285 2046 2404 2109 que
2464 2028 2745 2110 exigetur
2807 2046 2914 2110 pro
2977 2026 3213 2090 fabrica

480 2112 737 2178 ecclesie
785 2110 1080 2194 predicte,
1136 2114 1225 2177 sic
1272 2114 1336 2176 et
1379 2113 1442 2176 in
1489 2116 1788 2196 quantum
1815 2114 2138 2197 apparebit
2166 2114 2532 2178 conveniens
2571 2117 2910 2198 potestati3
2959 2117 3023 2179 et
3054 2114 3212 2178 alter

476 2218 825 2284 zuppanus,
875 2201 979 2282 qui
1027 2201 1146 2264 erit
1190 2218 1300 2282 pro
1333 2202 1612 2283 episcopo
1655 2203 1719 2267 et
1765 2203 1931 2267 clero
1973 2219 2101 2280 suo,
2151 2202 2377 2267 habeat
2419 2202 2717 2267 salarium
2766 2205 2833 2268 et
2876 2203 3032 2267 utile
3066 2220 3208 2267 con-

478 2292 725 2352 suetum
769 2306 807 2351 a
853 2286 1146 2371 predictis
1212 2289 1497 2371 episcopo
1545 2292 1611 2354 et
1655 2290 1819 2354 clero
1863 2308 1973 2354 suo
2022 2290 2356 2354 secundum
2400 2309 2620 2369 usum,
2687 2308 2795 2373 pro
2841 2289 3205 2355 removendo

480 2376 685 2440 omnia
729 2374 1019 2439 scandala
1065 2378 1131 2439 et
1174 2394 1283 2457 pro
1326 2376 1782 2442 contentatione
1830 2378 2102 2460 partium
2150 2379 2587 2459 predictarum.

697 2461 930 2544 Capta:
978 2463 1042 2527 et
1086 2481 1225 2528 cum
1271 2464 1520 2545 quidam
1562 2464 1734 2529 Mixa
1780 2464 1976 2544 Jovis‚
2021 2466 2174 2530 civis
2221 2464 2515 2530 sarrensis
2572 2467 2637 2530 et
2696 2464 2977 2530 officialis
3041 2464 3193 2528 dicti

477 2549 712 2616 domini
760 2549 1048 2632 episcopi,
1096 2554 1501 2632 conqueratur
1546 2571 1753 2618 coram
1795 2552 1981 2616 dictis
2014 2553 2419 2634 sapientibus,
2469 2553 2837 2635 exponendo,
2889 2552 3051 2635 quod
3094 2571 3202 2634 po-

482 2640 675 2704 testas
720 2638 934 2717 Lesne,
984 2638 1088 2720 qui
1130 2638 1207 2703 ad
1254 2659 1506 2722 presens
1552 2643 1662 2721 est,
1716 2643 1832 2706 sub
1879 2640 2124 2706 nomine
2184 2644 2249 2705 et
2311 2640 2626 2705 occasione
2690 2640 2996 2705 dictarum
3056 2659 3208 2721 que-

479 2728 752 2792 stionum
798 2727 864 2791 et
909 2726 1272 2793 iniuriarum
1318 2728 1616 2811 imposuit
1663 2749 1772 2794 seu
1819 2729 2051 2812 imponi
2098 2727 2247 2793 fecit
2293 2728 2599 2811 quandam
2648 2728 2971 2793 collectam
3021 2727 3203 2792 XXV

476 2816 774 2880 librarum
822 2816 1036 2879 contra
1080 2814 1365 2879 debitum
1411 2816 1687 2894 rationis,
1735 2834 1920 2898 quam
1967 2817 2044 2881 ab
2091 2834 2161 2880 eo
2210 2816 2372 2899 exigi
2397 2816 2544 2881 fecit
2583 2835 2722 2881 cum
2763 2815 3008 2893 effectu,
3058 2833 3204 2879 con·

478 2903 691 2968 sulunt
738 2902 1048 2985 sapientes
1095 2901 1376 2984 predicti,
1426 2903 1586 2986 quod
1634 2904 1998 2968 comittatur
2043 2905 2342 2986 potestati
2375 2905 2535 2969 ituro
2579 2903 2748 2984 illuc,
2795 2902 2955 2985 quod
2987 2902 3202 2968 audire

478 2991 701 3056 debeat
747 2992 812 3053 et
855 2990 1184 3073 diligenter
1207 2992 1578 3070 examinare,
1627 2992 1895 3075 qualiter
1921 2991 2216 3074 processit·
2240 2991 2502 3057 collecta
2534 2993 2598 3056 et
2633 2990 2954 3075 imposicio
2985 3008 3205 3075 supra-

479 3079 660 3158 dicta,
688 3079 754 3142 et
775 3078 974 3159 ipsam
996 3077 1330 3142 reformare
1354 3082 1419 3142 et
1442 3079 1763 3162 corrigere,
1792 3080 1957 3144 sicut
1979 3078 2097 3144 sibi
2122 3079 2357 3144 iustum
2384 3081 2449 3144 et
2475 3081 2837 3145 conveniens
2863 3079 3205 3163 apparebit.

691 3163 925 3247 Capta:
973 3166 1124 3229 item
1173 3184 1313 3229 cum
1361 3167 1683 3249 episcopus
1730 3169 1927 3232 Lesne
1975 3167 2287 3249 predictus
2321 3167 2662 3249 porrexerit
2706 3166 2907 3232 ducali
2938 3166 3205 3232 dominio

480 3252 810 3334 quamdam
862 3253 1192 3334 petionem,
1241 3271 1591 3335 aggravans
1637 3273 1702 3318 se
1748 3254 1825 3319 de
1872 3254 2066 3333 boniS,
2115 3255 2495 3334 redditibuS,
2546 3257 2611 3318 et
2667 3254 2924 3319 decimis
2973 3254 3100 3318 suis
3146 3253 3210 3316 et

481 3341 577 3405 sui
628 3339 1033 3422 episcopatus,
1083 3359 1199 3421 que
1244 3344 1390 3405 sunt
1434 3344 1678 3425 recepte
1725 3345 1789 3407 et
1835 3344 2046 3407 exacte
2111 3360 2297 3424 penes
2360 3360 2707 3424 zuppanum
2770 3341 3011 3406 noviter
3059 3341 3210 3405 mis-

488 3448 626 3492 sum
675 3426 827 3491 illuc
873 3446 981 3509 per
1022 3425 1240 3490 ducale
1286 3427 1647 3508 dominium,
1693 3449 1842 3512 quas
1890 3430 2181 3508 decimaS,
2232 3431 2306 3494 ut
2346 3430 2572 3493 asserit
2617 3429 2818 3494 dictus
2867 3431 3206 3512 episcopus,

482 3516 737 3581 recusat
776 3513 895 3579 sibi
943 3515 1107 3591 dare,
1157 3515 1375 3580 tenens
1420 3518 1623 3599 ipsum
1662 3517 1725 3580 in
1767 3518 1900 3581 suis
1947 3518 2182 3581 iuribus
2217 3518 2580 3599 occupatum
2628 3536 2765 3580 cum
2798 3517 3067 3581 maximo
3098 3533 3210 3580 suo

481 3601 815 3669 incomodo
865 3603 928 3667 et
973 3602 1247 3683 sinistre,
1297 3604 1639 3668 consulitur
1683 3624 1793 3687 per
1837 3604 2003 3687 ipsos
2031 3607 2159 3668 tres
2192 3605 2496 3686 sapientes
2523 3606 2766 3669 nemine
2804 3604 3210 3686 discrepante,

485 3692 644 3776 quod
685 3689 994 3755 scribatur
1039 3690 1205 3754 dicto
1253 3710 1564 3774 zuppanO,
1614 3692 1773 3775 quod
1819 3693 1883 3755 in
1931 3692 2129 3756 Lesna
2175 3694 2239 3756 et
2283 3693 2346 3755 in
2391 3691 2533 3756 aliis
2578 3692 2882 3774 partibuS,
2931 3692 3036 3757 ubi
3067 3692 3217 3756 sunt

482 3780 763 3845 redditus
810 3777 1127 3856 antedicti,
1168 3797 1277 3860 pro
1325 3780 1661 3843 minoribus
1709 3781 1989 3860 expensis
2034 3779 2306 3862 partium
2355 3779 2769 3862 predictarum
2831 3779 3203 3844 distribuere

484 3871 548 3931 et
595 3868 741 3932 dare
790 3867 1015 3931 debeat
1058 3865 1338 3930 redditus
1385 3871 1447 3930 et
1492 3867 1764 3931 decimas
1830 3870 2204 3931 memoratas
2266 3867 2400 3931 tam
2466 3868 2630 3931 dicto
2693 3866 2978 3951 episcopo
3025 3886 3210 3951 quam

483 3956 646 4036 aliis,
695 3956 858 4020 sicut
901 3954 1139 4018 iustum
1187 3955 1283 4018 est
1326 3953 1495 4018 iuxta
1540 3954 2007 4019 consuetudines
2054 3954 2427 4036 antiquatas.

699 4043 862 4107 Item
893 4060 1042 4106 cum
1086 4042 1284 4105 dictus
1346 4041 1517 4106 Mixa
1560 4041 1769 4118 JoviS,
1838 4041 2120 4106 officialis
2183 4042 2333 4106 dicti
2395 4042 2702 4125 episcopi,
2766 4041 3213 4124 querimoniam

486 4135 781 4215 exponat,
827 4131 986 4214 quod
1034 4130 1304 4211 potestas
1365 4130 1562 4194 Lesne
1607 4131 2040 4211 pronunciavit
2100 4130 2406 4211 quandam
2466 4130 2838 4194 sententiam
2904 4131 3215 4196 trecenta-

482 4238 627 4284 rum
670 4218 975 4284 librarum
1020 4217 1236 4282 contra
1280 4215 1485 4300 ipsum
1545 4235 1664 4281 non
1733 4218 1999 4282 citatum
2058 4235 2171 4282 nec
2235 4217 2602 4300 requisitum
2665 4219 2883 4282 contra
2923 4220 3103 4283 deum
3150 4217 3215 4281 et

483 4307 822 4384 iusticiam,
867 4324 904 4370 a
949 4323 1070 4387 qua
1116 4303 1627 4370 condemnacione
1672 4305 1809 4370 vult
1855 4323 1920 4369 se
1967 4305 2255 4386 appelare
2317 4323 2527 4370 coram
2590 4306 2987 4371 advocatores
3040 4323 3212 4371 com—

483 4394 699 4457 munis
744 4393 1188 4469 Veneciarum,
1237 4391 1481 4470 dicens,
1541 4392 1739 4474 ipsam
1788 4392 2161 4472 sententiam
2227 4410 2360 4457 esse
2422 4393 2699 4475 iniquam
2746 4396 2809 4458 et
2853 4393 3050 4458 latam
3097 4393 3214 4457 ali-

484 4480 704 4562 quibus
752 4480 1069 4544 ordinibus
1115 4497 1233 4544 non
1281 4481 1564 4559 servatis,
1613 4483 1679 4545 et
1723 4481 1887 4563 quod
1932 4480 2201 4544 intendit
2245 4479 2568 4546 defendere
2615 4480 2752 4545 iura
2799 4499 2941 4546 sua:
2993 4499 3215 4546 consu-

482 4567 621 4631 lunt
662 4567 778 4647 ipsi
829 4570 955 4631 tres
1003 4567 1335 4649 sapientes,
1385 4569 1547 4649 quod
1594 4586 1703 4649 pro
1749 4569 1926 4649 parte
1971 4566 2212 4632 ducalis
2241 4566 2501 4632 dominii
2525 4569 2835 4633 scribatur
2877 4571 3006 4634 tam
3045 4569 3210 4633 dicto

483 4655 800 4738 potestati,
851 4672 1035 4736 quam
1081 4654 1387 4719 iudicibus
1434 4657 1499 4720 et
1540 4655 1797 4719 consilio
1840 4655 2002 4721 dicte
2049 4657 2229 4736 terre,
2271 4655 2433 4737 quod
2492 4656 2554 4720 in
2601 4657 2959 4723 executione
3005 4656 3204 4740 ipsius

484 4741 793 4821 sententie
838 4740 1077 4806 nullam
1118 4740 1351 4807 faciant
1387 4742 1726 4809 novitatem
1749 4792 1765 4823 ,
1829 4742 1936 4808 sed
1998 4742 2210 4825 pocius
2273 4742 2748 4825 suprasedeant,
2813 4763 2926 4811 nec
2971 4743 3209 4810 faciant
