3620 5282
2953 351 3083 420 375

371 530 656 613 passagii,
721 531 824 595 det
869 550 1138 612 operam,
1187 530 1461 596 dimissis
1508 533 1639 596 suis
1698 532 1893 615 galeis
1963 533 2076 596 sub
2127 534 2281 597 bono
2328 532 2555 608 ordine,
2601 532 3073 616 gubermatione

372 623 435 683 et
478 619 711 700 regula,
764 621 849 683 ita
894 623 1053 703 quod
1103 623 1315 702 gentes
1383 639 1499 684 non
1557 621 2008 703 disperduntur,
2073 625 2137 684 et
2195 620 2355 704 quod
2422 639 2564 685 cum
2611 621 2751 684 aliis
2799 625 2961 684 rixas
3001 623 3064 685 et

367 709 658 772 scandala
708 726 823 772 nou
873 709 1311 785 committant,·
1340 708 1414 771 de
1461 709 1658 772 eundo
1707 712 1771 772 et
1818 709 2073 773 essendo
2120 711 2196 774 ad
2243 714 2638 790 conspectum
2670 709 3054 773 serenissimi

366 794 600 860 domiui
650 797 1033 876 imperatoris
1079 795 1656 877 ConstantinopoliS,
1707 799 1805 861 cui
1854 797 2017 861 16666
2065 799 2409 862 reverentia
2440 802 2501 859 et
2549 798 2921 861 salutatione
2953 796 3063 860 de-

369 884 498 947 bita
545 901 614 947 ac
663 884 769 948 illa
814 883 1086 965 generali
1131 885 1460 958 oblatione,
1507 905 1621 968 que
1671 904 1780 948 sue
1826 887 2122 967 sapientie
2176 886 2477 949 videbitur
2524 904 2630 967 pro
2679 885 2905 949 honore
2953 903 3062 948 sue

368 972 712 1036 maiestatis
758 975 821 1035 et
868 976 1095 1046 nostre,
1140 973 1343 1036 dicere
1392 973 1607 1038 debeat
1652 993 1920 1049 causam,
1971 976 2219 1055 propter
2265 993 2446 1056 quam
2497 973 2645 1037 illuc
2704 993 2843 1037 eum
2895 973 3069 1037 misi-

370 1079 505 1123 mus
551 1079 688 1125 cum
740 1061 922 1125 dictis
968 1060 1163 1141 galeis
1213 1063 1271 1124 in
1320 1061 1787 1125 subventionem
1838 1063 1932 1125 sui
1999 1062 2234 1141 imperii
2301 1063 2547 1143 propter
2595 1062 3063 1142 promissionem

366 1147 594 1212 factam
641 1150 805 1212 dicto
853 1148 1100 1212 (1661166
1164 1150 1290 1230 regi
1354 1149 1688 1231 Huugarie,
1759 1152 1823 1213 et
1881 1151 2036 1232 quod
2099 1157 2194 1214 est
2243 1155 2486 1229 paratus
2549 1149 2631 1213 ibi
2680 1168 2814 1214 esse
2861 1153 2922 1213 et
2968 1168 3066 1212 ex-

365 1241 606 1318 pectare
653 1237 980 1301 adventum
1026 1255 1131 1299 sue
1183 1237 1527 1301 maiestatis
1575 1258 1760 1320 66666
1807 1237 2135 1301 dimidium
2187 1257 2458 1301 mensem
2529 1239 2798 1319 augusti,
2848 1256 3066 1301 secun-

366 1324 512 1387 dum
561 1324 722 1407 quod
770 1326 967 1388 eidem
1017 1326 1443 1406 promissimus
1489 1331 1553 1390 et
1599 1325 1796 1390 facere
1860 1332 1921 1389 et
1987 1327 2226 1407 operari
2286 1344 2423 1389 cum
2483 1324 2622 1387 aliis
2682 1324 2878 1406 galeis
2928 1327 3061 1389 suis

366 1413 663 1494 predictis
711 1412 880 1489 illud,
926 1413 1081 1495 quod
1130 1416 1452 1477 concernet
1500 1413 1833 1478 redundare
1883 1434 2053 1495 posse
2115 1416 2191 1478 ad
2254 1414 2608 1485 utilitatem,
2677 1413 2950 1477 fructum
2997 1416 3062 1478 et

366 1502 688 1565 comodum
729 1501 908 1565 istius
956 1503 1150 1564 sancti
1198 1503 1399 1583 operis
1447 1508 1507 1564 et
1554 1503 1643 1565 sui
1697 1504 1957 1583 imperii,
2008 1501 2343 1565 secuudum
2391 1502 2545 1583 quod
2611 1501 3058 1565 deliberabitur

365 1606 498 1651 esse
551 1590 697 1652 utile
743 1592 807 1652 et
856 1590 1097 1666 666661,
1144 1592 1206 1652 et
1252 1589 1406 1672 quod
1462 1597 1780 1671 propterea
1828 1590 2118 1654 maiestas
2165 1608 2274 1653 sua
2321 1589 2606 1670 dignetur
2662 1588 2868 1670 ipsum
2917 1590 3061 1654 red-

366 1677 506 1740 dere
555 1675 952 1755 informatum
995 1678 1066 1740 de
1113 1679 1419 1757 66161666,
1468 1697 1587 1760 666
1635 1679 1823 1743 116666
1867 1682 1931 1742 66
1975 1678 2165 1742 sentit
2212 1681 2341 1741 tam
2398 1678 2472 1742 de
2533 1679 2801 1741 adventu
2865 1677 3059 1759 ipsius

365 1765 596 1827 domini
645 1766 807 1846 regis
854 1783 1035 1847 quam
1083 1764 1159 1829 de
1205 1769 1479 1847 tempore
1526 1766 1717 1849 ipsius
1764 1768 2083 1845 adventus„
2145 1784 2216 1830 ac
2274 1767 2348 1829 de
2408 1763 2692 1830 omnibus
2738 1764 2900 1841 aliis,
2953 1785 3069 1848 que

366 1852 437 1915 de
485 1871 553 1916 eo
594 1853 854 1917 sentiret
899 1857 961 1917 et
1007 1854 1079 1917 de
1124 1854 1396 1918 exercitu
1442 1871 1553 1917 suo
1600 1873 1671 1919 66
1720 1854 1903 1919 factis
1949 1855 2078 1919 suis
2126 1856 2190 1918 et
2231 1852 2524 1918 similiter
2572 1852 2648 1916 de
2694 1853 2877 1918 sactis
2909 1853 3069 1918 Tur-

363 1940 638 2017 chorum,
687 1943 757 2005 ut
805 1941 1023 2005 melius
1070 1944 1266 2024 possit
1310 1961 1443 2006 6666
1490 1947 1704 2007 666666
1769 1946 1833 2007 66
1894 1947 2171 2008 66666666
2239 1944 2319 2007 ad
2381 1940 2732 2005 faciendum
2779 1940 3064 2006 debitum

361 2047 541 2091 suum
591 2032 655 2093 et
701 2030 983 2094 honorem
1034 2034 1309 2095 nostrum
1351 2048 1424 2094 ac
1471 2032 1806 2096 utilitatem
1852 2033 2053 2112 operis
2115 2030 2428 2095 antedicti.
2495 2029 2578 2094 Et
2646 2035 2901 2111 accepta
2948 2030 3064 2094 illa

360 2114 542 2198 plena
589 2116 1019 2182 informatione
1065 2120 1363 2195 omnium,
1415 2138 1596 2202 quam
1644 2138 1679 2183 a
1722 2121 2050 2184 maiestate
2090 2137 2203 2183 sua
2251 2120 2478 2183 babere
2525 2117 2773 2199 poterit,
2821 2136 2892 2183 66
2925 2118 3059 2182 661-

362 2205 593 2268 1661666
640 2206 856 2270 habita
901 2205 975 2269 de
1023 2208 1196 2270 modo
1244 2207 1541 2271 servando
1588 2227 1696 2290 per
1761 2227 1900 2272 eum
1968 2209 2031 2272 et
2078 2207 2252 2283 alios,
2303 2209 2372 2271 ut
2419 2208 2491 2271 de
2540 2205 2826 2271 omnibus
2873 2206 3050 2288 plene

362 2299 680 2357 remaneat
722 2294 1113 2370 informatus,
1164 2298 1514 2359 revertatur
1560 2296 1636 2360 ad
1680 2296 1889 2377 galeas
1932 2314 2094 2372 6666,
2132 2300 2203 2359 ut
2248 2295 2534 2359 66661666
2579 2294 2706 2358 6166
2734 2294 2850 2358 666
2901 2296 3059 2361 6666

362 2380 711 2446 obedientia
758 2385 820 2445 et
867 2382 1098 2463 regula,
1144 2381 1526 2447 informando
1567 2384 2005 2448 nichilominus
2068 2403 2134 2449 se
2197 2384 2364 2447 ultra
2412 2384 2525 2448 hoc
2589 2385 2654 2447 et
2698 2382 3061 2449 conferendo

362 2487 500 2532 cum
552 2471 759 2534 nostro
809 2470 1145 2535 vieebaiulo
1192 2474 1255 2535 et
1299 2471 1555 2536 consilio
1603 2471 2167 2556 Constantinopolis
2215 2472 2288 2535 de
2350 2470 2633 2536 omnibus
2692 2468 2879 2535 factis
2930 2490 3063 2553 pre-

362 2557 562 2630 dictis,
608 2561 680 2622 ut
728 2558 949 2623 melius
998 2559 1218 2624 habeat
1265 2560 1606 2637 veritatem,
1671 2565 1734 2625 et
1798 2560 2090 2625 evisando
2150 2578 2254 2623 eos
2314 2560 2524 2637 etiam,
2588 2558 2752 2643 quod
2799 2560 2926 2623 sint
2971 2558 3063 2624 vi-

357 2646 518 2727 giles
564 2651 628 2710 66
673 2649 896 2712 attenti
945 2647 1019 2710 ad
1064 2648 1455 2713 senciendum
1507 2650 1656 2714 bene
1713 2650 1987 2715 omnium
2052 2650 2376 2715 veritatem
2442 2653 2506 2713 et
2558 2650 2635 2713 ad
2682 2647 3058 2713 reddendum

358 2753 501 2798 eum
550 2735 624 2799 de
669 2736 950 2800 omuibus
1000 2736 1394 2800 informatum
1446 2756 1548 2817 pro
1598 2738 1829 2802 666616
1877 2739 2068 2802 666611
2115 2737 2477 2802 6661616616.

571 2823 796 2888 Verum
847 2828 916 2888 ut
961 2824 1088 2905 ipse
1134 2825 1492 2906 capitaneus
1540 2827 1621 2889 sit
1654 2827 2020 2890 informatus
2052 2826 2126 2889 de
2161 2825 2360 2902 modo,
2395 2844 2572 2907 quem
2608 2842 2848 2888 servare
2874 2823 3062 2889 116666

358 2910 420 2973 16
465 2911 650 2976 (116616
694 2914 973 2994 partibus
1022 2918 1233 2976 contra
1279 2911 1571 2986 Τ6161166,
1641 2918 1969 2997 postquam
2038 2914 2225 2977 fuerit
2270 2913 2332 2976 in
2382 2912 2661 2995 partibus
2725 2912 3044 2991 Romanie,

357 3002 428 3061 ut
475 2999 758 3081 superius
807 3001 1044 3064 dictum
1090 3004 1204 3074 est,
1256 3003 1620 3065 comittatur
1666 3003 1888 3077 eidem,
1938 3004 2094 3086 quod
2140 3003 2201 3065 in
2252 3019 2397 3065 6666
2445 3019 2564 3083 666
2598 3002 2731 3083 ipse
2764 2999 3050 3065 dominus

358 3106 461 3150 rex
513 3087 610 3152 vel
656 3089 936 3152 dominus
980 3088 1347 3167 imperrator
1393 3090 1614 3153 666666
1681 3095 1928 3172 paratas
1991 3094 2054 3153 et
2115 3093 2387 3153 armatas
2447 3088 2653 3170 galeas
2698 3088 2942 3171 aliquas
2991 3089 3055 3154 in

357 3174 484 3238 illis
532 3177 811 3258 partibus
858 3176 1158 3241 Romanis
1204 3180 1275 3239 ad
1326 3178 1489 3241 istud
1552 3177 1801 3249 factum,
1865 3184 1927 3242 et
1988 3179 2157 3252 velit,
2221 3178 2380 3260 quod
2450 3195 2589 3242 cum
2655 3178 2804 3258 ipsis
2850 3180 3060 3241 atten-

356 3264 537 3327 datur
583 3265 656 3328 ad
706 3265 1142 3346 prohibendum
1193 3265 1523 3330 transitum
1575 3266 1834 3330 Turchis
1894 3267 2058 3330 intra
2110 3267 2415 3339 strictum,
2489 3266 2649 3347 quia,
2697 3268 2912 3329 nostra
2965 3266 3058 3330 in-

357 3352 555 3416 tencio
602 3371 718 3416 non
766 3356 861 3416 est
910 3353 1088 3416 modo
1136 3353 1357 3435 alique,
1409 3354 1564 3436 quod
1618 3355 1806 3418 intret
1856 3354 2115 3419 bucham
2167 3355 2353 3418 maris
2403 3353 2652 3417 maioris
2695 3353 2802 3417 sed
2851 3354 3054 3418 solum

357 3442 483 3502 stet
527 3439 604 3503 ab
652 3440 870 3523 Algiro
920 3439 1094 3516 infra,
1143 3444 1302 3524 quod
1363 3443 1423 3505 in
1488 3443 1647 3505 bona
1710 3443 1913 3524 gratia
1974 3462 2117 3507 cum
2181 3443 2310 3506 suis
2373 3441 2565 3523 galeis
2631 3443 2787 3522 apud
2837 3442 3049 3523 galeas

354 3544 563 3591 eorum
613 3527 835 3592 debeat
882 3529 1029 3592 totis
1072 3529 1303 3594 viribus
1350 3532 1663 3594 attendere
1698 3532 1756 3594 in
1806 3532 1961 3595 mari
2008 3531 2082 3595 ad
2134 3529 2615 3610 persecutionem
2680 3534 2742 3593 et
2787 3528 3057 3595 distruc-

352 3615 580 3679 tionem
629 3615 1010 3681 'I'urchorum
1057 3620 1121 3680 et
1165 3620 1239 3682 ad
1303 3618 1743 3700 prohibendum
1808 3620 1895 3682 eis
1957 3620 2290 3683 transitum
2355 3620 2483 3681 toto
2563 3637 2733 3696 posse
2788 3636 2916 3691 sue,
2986 3623 3057 3683 ut

353 3704 635 3768 dominus
681 3725 782 3768 rex
845 3724 986 3769 cum
1052 3707 1317 3770 exercitu
1368 3726 1475 3770 suo
1524 3708 1748 3771 melius
1797 3710 1860 3770 et
1907 3707 2151 3771 facilius
2191 3705 2387 3789 possit
2433 3706 2688 3788 implere
2739 3706 3046 3770 intentum

352 3811 552 3866 suum,
602 3795 839 3874 quando
887 3794 1126 3857 venerit
1171 3795 1233 3856 in
1284 3796 1560 3876 partibus
1608 3795 1960 3860 antedictis.
2009 3795 2090 3860 Et
2127 3796 2188 3858 iu
2236 3797 2349 3861 666
2411 3812 2553 3858 6666
2618 3795 2905 3858 reddatur
2955 3794 3049 3857 in-

350 3879 650 3945 formatus
694 3883 1046 3964 capitaneus
1096 3886 1300 3945 noster
1349 3885 1652 3963 predictus
1701 3884 1774 3947 de
1818 3883 2282 3957 mercatoribus,
2334 3884 2436 3966 qui
2490 3880 2690 3946 forent
2736 3882 2798 3945 in
2852 3881 3053 3963 parti-

354 3967 467 4031 bus
515 3969 917 4047 Turchorum,
989 3970 1037 4033 si
1095 3970 1287 4052 aliqui
1352 3970 1568 4046 forent,
1634 3971 1791 4054 quod
1843 3990 1950 4053 per
1995 3991 2132 4035 suos
2177 3971 2251 4034 de
2301 3969 2831 4051 Constantinopoli
2902 3968 3055 4034 fiant

352 4056 594 4132 avisati,
643 4058 692 4120 si
744 4059 870 4122 fieri
922 4058 1168 4139 poterit,
1218 4059 1376 4140 quod
1439 4058 1800 4142 provideant
1858 4059 2043 4124 factis
2091 4059 2233 4124 -suis
2295 4059 2403 4137 ita,
2469 4059 2632 4141 quod
2695 4079 2813 4123 non
2900 4057 3056 4122 reci-

349 4149 565 4227 perent
611 4146 835 4210 damna
881 4165 989 4209 nec
1036 4148 1308 4211 sinistra.

559 4250 810 4332 Insuper
834 4251 977 4333 quia
1009 4252 1074 4316 in
1104 4250 1519 4332 promissione,
1549 4271 1731 4334 quam
1748 4250 2007 4316 fecimus
2035 4252 2150 4334 ipsi
2176 4253 2420 4316 domino
2446 4253 2597 4335 regi,
2625 4270 2735 4316 nos
2763 4250 3046 4330 diximus,

346 4340 502 4421 quod
523 4337 653 4419 ipse
670 4341 1023 4420 capitaneus
1050 4343 1250 4402 noster
1277 4343 1622 4421 expectaret
1645 4339 1977 4404 adventum
2003 4360 2182 4404 suum
2209 4359 2244 4404 6
2269 4340 2522 4404 dimidio
2549 4357 2758 4403 mense
2783 4339 2918 4402 iulii
2946 4358 3051 4403 us-

347 4444 461 4507 que
493 4419 820 4491 dimidium
852 4446 1119 4491 mensem
1147 4428 1394 4509 augusti
1421 4432 1483 4490 et
1510 4428 1669 4510 plue,
1700 4429 1943 4510 quando
1969 4428 2323 4492 informatus
2349 4433 2532 4505 esset,
2561 4430 2721 4511 quod
2749 4425 3048 4491 maiestas

346 4532 456 4576 sua
492 4515 698 4596 aliqua
746 4533 929 4580 causa
977 4515 1342 4588 distulisset,
1391 4516 1495 4579 sed
1532 4517 1684 4599 quod
1719 4516 1877 4580 foret
1922 4518 1994 4579 de
2026 4518 2301 4599 proximo
2335 4519 2650 4593 venturus,
2688 4514 3049 4578 comittatur

344 4599 508 4664 dicto
541 4605 878 4684 capitaneo,
905 4604 1062 4685 quod
1096 4623 1198 4684 per
1226 4603 1386 4666 viam
1414 4604 1643 4667 domini
1670 4604 2062 4684 imperatoris
2109 4623 2180 4668 66
2219 4606 2525 4668 166661661
2575 4606 2927 4667 6666161661
2989 4603 3054 4665 66

345 4689 633 4754 6161111661
680 4709 785 4771 per
830 4710 1072 4754 omnem
1121 4692 1308 4755 aliam
1357 4691 1520 4755 viam
1569 4697 1631 4755 et
1681 4692 1948 4766 modum,
1999 4711 2106 4774 per
2153 4711 2335 4774 quem
2396 4691 2795 4774 cognosceret
2869 4705 3047 4770 posse

344 4777 572 4843 habere
610 4777 684 4842 de
730 4779 842 4843 hoc
888 4778 1132 4861 plenam
1183 4784 1248 4844 et
1316 4798 1525 4844 veram
1594 4781 2106 4856 informationem,
2176 4781 2332 4861 quod
2393 4781 2478 4843 sit
2536 4778 2613 4843 de
2661 4782 2935 4857 tempore
2985 4774 3047 4837 16
