3620 5282
494 350 624 418 246

494 529 700 595 venire
747 528 951 594 subito
998 530 1061 593 et
1109 530 1181 592 de
1230 528 1397 593 brevi
1446 528 1508 593 in
1555 527 1665 591 illa
1711 526 2074 611 quantitate,
2136 546 2252 611 que
2312 526 2580 609 placebit
2625 526 2743 590 sibi
2790 543 2902 609 pro
2936 524 3065 589 suis
3097 523 3204 588 de·

495 618 705 696 001113,
752 620 823 683 111
868 618 1145 700 superius
1193 616 1431 681 dictum
1479 620 1592 681 est.
1646 616 1711 682 Si
1758 635 1902 680 vero
1951 619 2158 681 nostro
2207 616 2619 698 supracomito
2663 615 2997 690 videretur,
3048 611 3207 696 quod

498 706 782 771 dominus
830 705 1124 770 Durachii
1170 707 1514 769 attenderet
1553 707 1616 769 et
1662 703 1962 788 golizaret
2008 703 2083 769 ad
2132 705 2459 769 volendum
2511 705 2682 785 ipsos
2715 701 3075 767 balistarios
3109 700 3206 764 vel

498 797 714 877 gentes
756 794 834 858 ad
878 794 1120 858 nostras
1170 812 1477 875 expensaS‚
1542 794 1690 857 tunc
1736 793 1953 858 offerat
2015 793 2131 857 sibi
2202 794 2276 857 de
2339 791 2614 858 faciendo
2660 793 2717 856 ei
2764 793 2970 857 venire
3018 808 3210 872 usque

506 882 884 947 ballistarios
930 880 1128 960 XXV,
1177 883 1544 963 procurante
1592 882 1799 945 nostro
1848 882 2261 963 supracomito
2309 899 2486 963 posse
2531 898 2661 956 3110,
2711 880 2871 962 quod
2920 878 3049 960 ipse
3104 878 3209 941 do-

503 970 708 1034 minus
756 969 957 1034 solvat
1002 970 1076 1033 de
1120 968 1248 1034 illis
1297 969 1663 1034 ballistariis
1718 966 1904 1034 XXV
1949 968 2122 1044 illud,
2162 969 2321 1052 quod
2354 970 2584 1051 poterit
2638 968 2936 1033 obtinere.
2984 966 3057 1030 In
3089 967 3209 1030 fine

507 1077 647 1122 vero
682 1056 847 1122 facta
892 1057 1268 1139 experientia
1314 1057 1616 1139 possibili,
1662 1058 1713 1121 si
1761 1057 2044 1121 dominus
2089 1055 2386 1122 Durachii
2429 1057 2682 1131 diceret,
2733 1074 2849 1121 non
2903 1072 3079 1136 posse
3115 1053 3212 1117 vel

503 1163 621 1210 non
671 1145 895 1211 habere
962 1146 1121 1210 unde
1184 1145 1419 1210 solvere
1482 1146 1663 1210 dictis
1724 1144 2107 1222 ballistariiS‚
2171 1148 2338 1225 tunc,
2404 1147 2472 1211 ut
2521 1147 2763 1209 tantum
2812 1144 3035 1207 bonum
3091 1159 3213 1205 non

505 1237 836 1312 remaneat,
885 1234 1102 1299 offerat
1139 1233 1260 1298 sibi
1302 1233 1438 1299 illos
1463 1234 1640 1300 XXV
1664 1232 2041 1298 ballistarios
2073 1234 2151 1298 ad
2178 1253 2470 1316 expensas
2504 1233 2698 1298 nostri
2730 1232 3074 1297 communis
3100 1249 3213 1314 per

507 1341 694 1386 unum
742 1341 988 1387 annum.
1216 1385 1222 1391 .

715 1410 978 1494 Insuper
1024 1408 1242 1474 debeat
1288 1408 1489 1474 dictus
1534 1410 1982 1491 supracomitus
2032 1425 2238 1474 noster
2284 1428 2584 1492 exponere
2615 1412 2677 1473 et
2708 1409 2926 1474 offerre
2968 1408 3214 1472 domino

507 1499 800 1581 predicto,
865 1497 1025 1581 quod
1088 1497 1327 1562 tenebit
1395 1497 1645 1563 modum
1710 1499 1773 1561 et
1836 1496 2043 1577 faciet,
2106 1500 2264 1581 quod
2311 1500 2384 1561 de
2431 1500 2659 1562 nostris
2706 1496 2970 1579 navigiis
3018 1496 3209 1560 decli-

509 1586 747 1652 nabunt
792 1589 864 1652 ad
918 1586 1121 1651 locum
1171 1585 1464 1650 Durachii
1515 1604 1654 1650 cum
1705 1585 1885 1650 blado
1932 1590 1994 1650 01
2041 1585 2441 1663 11010011003,
2489 1587 2562 1650 (10
2609 1585 2833 1668 quibus
2880 1603 3080 1648 emere
3108 1602 3220 1666 po-

510 1677 722 1740 terunt
768 1694 874 1758 pro
920 1674 1047 1739 suis
1107 1674 1373 1739 denariis
1403 1692 1512 1755 pro
1546 1692 1660 1738 sua
1691 1675 2092 1739 subventione
2125 1674 2461 1738 secundum
2497 1693 2672 1738 suam
2738 1672 3217 1757 requisitionem.

720 1763 881 1829 Item
928 1762 980 1826 si
1029 1761 1313 1828 dominus
1360 1763 1667 1844 predictus
1714 1763 1987 1845 requiret
2035 1781 2071 1828 a
2116 1763 2528 1843 supracomito
2590 1763 2797 1827 nostro
2844 1763 2917 1826 de
2964 1761 3217 1824 volendo

512 1869 619 1934 pro
664 1851 1123 1916 conservatione
1186 1869 1295 1915 sua
1342 1855 1405 1914 et
1446 1852 1652 1915 status
1700 1851 1797 1915 sui
1843 1850 2046 1915 levare
2095 1851 2414 1935 insegnam
2463 1851 2739 1915 nostram
2782 1850 2981 1914 sancti
3026 1849 3219 1913 Marci

514 1958 694 2021 super
739 1940 869 2007 suis
926 1938 1237 2004 tortiliciis
1284 1937 1604 2016 Durachii,
1653 1940 1876 2003 debeat
1939 1943 2147 2004 noster
2215 1940 2666 2021 supracomitus
2731 1937 3079 2003 contentari
3142 1938 3218 2001 ad

515 2027 632 2092 hoc
722 2047 793 2092 ex
866 2033 1042 2111 parte
1121 2030 1328 2091 nostre
1389 2027 1857 2104 (1001100110013,
1937 2029 2218 2116 rogando·
2280 2028 2481 2110 ipsum
2560 2026 2879 2091 dominum
2928 2025 3224 2091 Durachii

517 2133 593 2180 ex
652 2119 825 2198 parte
888 2116 1116 2195 nostra,
1175 2116 1333 2199 quod
1400 2117 1463 2180 in
1523 2133 1668 2181 casu
1733 2134 1850 2198 quo
1914 2116 2149 2180 videret
2211 2114 2612 2180 manifestum
2675 2114 3017 2198 periculum
3064 2113 3226 2178 Teu-

516 2222 794 2283 crorum,
855 2207 919 2269 et
985 2222 1103 2268 non
1167 2205 1372 2286 posset
1426 2204 1625 2286 ipsam
1692 2204 1923 2267 terram
1994 2204 2318 2268 defendere
2377 2222 2415 2268 a
2472 2203 2754 2280 Τ11101113,
2803 2203 2961 2286 quod
3005 2201 3228 2266 debeat

516 2293 725 2357 tenere
808 2292 1079 2370 modum,
1157 2291 1317 2374 quod
1393 2291 1525 2375 ipsa
1592 2294 1756 2356 terra
1832 2311 1967 2357 cum
2040 2292 2169 2356 suis
2239 2291 2548 2356 fortiliciis
2613 2292 2820 2355 veniat
2886 2292 2963 2354 ad
3009 2308 3228 2355 manus

517 2383 724 2445 nostre
789 2380 1259 2459 dominationis,
1323 2381 1467 2462 quia
1534 2399 1650 2445 non
1712 2384 1877 2446 esset
1938 2379 2132 2444 honor
2187 2381 2381 2444 nostri
2423 2380 2699 2455 dominii,
2763 2380 2921 2461 quod
2971 2379 3230 2461 insegna

516 2470 730 2533 nostra
789 2469 986 2534 sancti
1056 2467 1254 2534 Marci
1317 2470 1556 2534 veniret
1625 2469 1701 2533 ad
1770 2487 1988 2533 manus
2053 2468 2456 2546 Turchorum‚
2506 2466 2706 2531 dando
2751 2468 2830 2532 ad
2872 2466 3229 2550 intelligen-

515 2555 662 2620 dum
710 2557 827 2639 ipsi
901 2557 1143 2622 domino
1190 2556 1503 2634 Durachii,
1551 2557 1709 2639 quod
1755 2556 2029 2638 ponendo
2084 2557 2287 2638 ipsum
2335 2555 2536 2620 locum
2584 2555 2647 2620 in
2701 2554 2988 2619 manibus
3033 2554 3231 2619 nostn'

519 2645 882 2724 communie,
909 2650 978 2710 ut
1000 2644 1237 2710 dictum
1263 2648 1378 2724 est,
1425 2646 1880 2728 providebimus
1911 2645 2122 2710 taliter
2169 2645 2245 2709 de
2290 2662 2552 2727 persona
2597 2662 2730 2724 sua,
2767 2646 2927 2728 quod
2974 2643 3231 2709 habebit

519 2736 741 2800 merito
789 2733 1154 2800 contentari.
1224 2733 1309 2798 Et
1368 2734 1420 2798 si
1468 2733 1738 2799 conditio
1784 2733 2018 2799 domini
2064 2733 2324 2816 predicti
2371 2735 2535 2799 esset
2581 2732 2766 2810 talis,
2814 2731 2975 2815 quod
3021 2731 3229 2798 subito

521 2823 686 2888 esset
732 2822 1071 2888 necessaria
1119 2822 1326 2905 aliqua
1371 2822 1695 2887 subventio
1741 2822 2043 2905 gentium,
2092 2821 2316 2887 debeat
2360 2822 2563 2886 noster
2609 2820 3057 2904 supracomitus
3105 2820 3223 2884 sibi

522 2912 845 2976 subvenire
892 2912 965 2978 (10
1013 2908 1374 2976 ballistariis
1421 2912 1487 2975 et
1529 2910 1882 2975 hominibus
1924 2929 2033 2975 sue
2079 2911 2253 2993 galee
2287 2929 2478 2993 usque
2512 2909 2590 2974 ad
2624 2928 2951 2974 numerum
2986 2910 3059 2974 de
3089 2909 3232 2988 XX,

520 2999 626 3082 qui
679 2999 806 3064 sint
845 2999 1177 3065 ballistarii
1220 3018 1328 3081 pro
1374 2998 1588 3064 maiori
1636 3000 1834 3082 parte.

730 3088 811 3151 Et
856 3086 1002 3171 quia
1048 3093 1256 3171 posset
1300 3105 1638 3169 occurrere,
1687 3087 1848 3169 quod
1895 3086 2178 3151 dominus
2225 3085 2541 3163 Durachii,
2591 3086 2803 3150 videns
2855 3103 3035 3150 suam
3085 3103 3232 3152 con-

524 3174 844 3250 ditionem,
894 3179 1064 3240 motu
1110 3176 1356 3259 proprio
1402 3178 1467 3240 01
1509 3175 1854 3241 voluntarie
1899 3175 2090 3239 vellet
2136 3175 2284 3238 dare
2328 3174 2532 3239 locum
2580 3173 2880 3240 Durachii
2927 3192 3068 3239 cum
3103 3175 3234 3238 suis

524 3264 833 3329 fortiliciis
882 3265 944 3328 in
992 3264 1280 3330 manibus
1327 3267 1390 3328 et
1436 3265 1625 3329 forcia
1671 3264 1867 3328 nostri
1931 3263 2227 3345 dominii,
2272 3267 2421 3328 tunc
2469 3272 2826 3328 occurrente
2873 3261 3035 3327 dicto
3083 3281 3233 3327 casu

526 3354 735 3417 noster
782 3352 1235 3435 supracomitus
1281 3351 1506 3416 debeat
1553 3354 1756 3434 ipsum
1807 3353 2008 3416 locum
2055 3350 2331 3434 accipere
2363 3352 2608 3417 nomine
2638 3351 2836 3416 nostri
2868 3350 3146 3416 dominii.

731 3440 813 3504 Et
859 3441 910 3504 si
962 3442 1245 3505 dominus
1292 3442 1607 3525 predictus
1655 3442 1817 3504 esset
1877 3442 2176 3522 gravatus
2225 3438 2604 3504 infermitate
2654 3440 2718 3504 et
2768 3440 2830 3503 in
2888 3438 3238 3522 periculoso

525 3530 588 3591 et
634 3527 794 3592 malo
843 3530 1008 3593 statu
1060 3548 1315 3610 persone
1363 3549 1506 3606 sue,
1573 3529 1637 3593 et
1698 3528 1792 3592 sui
1857 3526 2202 3593 voluntarie
2248 3527 2480 3593 vellent
2542 3528 2748 3611 ipsum
2795 3527 3001 3592 locum
3053 3527 3234 3592 nobis

524 3614 671 3679 dare
720 3634 860 3681 cum
924 3617 1244 3682 voluntate
1295 3619 1393 3682 sui
1438 3616 1668 3682 domini
1716 3616 2010 3699 predicti,
2061 3619 2206 3681 tunc
2254 3615 2444 3681 etiam
2491 3617 2552 3680 in
2610 3617 2772 3680 dicto
2818 3635 2966 3680 casu
3015 3634 3237 3698 supra-

526 3704 790 3769 comitus
836 3707 1045 3769 noster
1091 3705 1329 3770 dictum
1375 3706 1579 3771 locum
1629 3706 1903 3788 accipere
1949 3705 2172 3769 debeat
2217 3705 2460 3769 nomine
2523 3705 2734 3769 nostre
2780 3703 3241 3769 dominationis.

529 3793 596 3860 Si
645 3812 787 3857 vero
830 3795 1113 3858 dominus
1161 3794 1457 3859 Durachii
1508 3795 1581 3857 de
1644 3794 1757 3858 1100
1804 3791 2012 3858 3001110
2076 3793 2503 3871 transivisset,
2552 3794 2695 3876 quia
2763 3811 2978 3856 sumus
3025 3809 3241 3856 omnes

526 3881 836 3960 100110103,
887 3884 949 3947 01
994 3884 1090 3946 3111
1136 3883 1371 3947 vellent
1419 3882 1595 3946 nobis
1644 3883 1789 3946 dare
1834 3881 2071 3945 dictum
2120 3881 2346 3958 locum,
2381 3886 2528 3945 tunc
2560 3881 2750 3945 etiam
2785 3881 2993 3946 noster
3025 3898 3246 3963 supra-

524 3970 788 4036 comitus
838 3971 1057 4035 debeat
1103 3972 1302 4052 ipsum
1342 3970 1545 4035 locum
1593 3970 1870 4051 accipere
1918 3969 2163 4034 nomine
2212 3970 2404 4034 nostri
2446 3969 2813 4033 communis.

736 4073 826 4139 Et
872 4076 1305 4140 committatur
1351 4075 1513 4139 dicto
1559 4077 1767 4139 nostro
1814 4074 2252 4158 supracomito‚
2304 4074 2470 4157 quod
2518 4075 2866 4157 peremnia
2908 4073 3159 4157 navigia
3183 4075 3250 4139 et

526 4183 635 4246 per
678 4182 926 4229 omnem
976 4165 1137 4228 viam
1180 4163 1538 4247 possibilem
1588 4163 1814 4227 debeat
1874 4162 2048 4228 nobis
2111 4164 2386 4228 scribere
2449 4165 2515 4227 et
2561 4162 2901 4241 notificare,
2950 4162 3246 4245 quicquid

526 4251 746 4318 fecerit
793 4252 858 4317 et
902 4252 1190 4317 habuerit
1237 4255 1299 4317 in
1348 4251 1528 4316 factis
1578 4251 1874 4334 predictis
1921 4271 2027 4335 pro
2061 4254 2274 4317 nostra
2312 4251 2767 4328 informacione‚
2801 4254 2866 4315 et
2895 4249 3249 4333 specialiter

526 4342 578 4404 si
626 4340 867 4404 dederit
911 4340 1148 4423 aliquos
1196 4340 1269 4403 de
1346 4340 1473 4403 suis
1550 4337 1893 4404 ballistaris
1973 4340 2070 4404 vel
2147 4339 2502 4405 hominibus
2566 4340 2741 4421 galee
2809 4357 2918 4404 sue
2999 4338 3250 4403 domino

527 4428 824 4492 Durachii
869 4428 1163 4510 predicto,
1214 4431 1280 4492 ut
1326 4427 1565 4492 dictum
1614 4430 1710 4491 est
1756 4447 1958 4509 supra,
2009 4429 2080 4491 ut
2146 4429 2347 4511 possit
2409 4428 2615 4492 subito
2679 4430 2745 4491 et
2789 4428 2923 4492 sine
2974 4445 3146 4491 10010
3192 4425 3250 4491 01

530 4514 696 4578 mitti
745 4516 819 4578 de
863 4516 1026 4594 hinc,
1077 4520 1139 4581 et
1186 4536 1326 4581 cum
1376 4534 1491 4580 sua
1539 4516 1718 4599 galea
1764 4516 1985 4581 debeat
2031 4536 2097 4580 se
2168 4516 2404 4580 nutrire
2464 4516 2629 4579 01100
2693 4515 2837 4579 11103
2903 4516 3135 4598 partes,
3186 4517 3253 4578 et

530 4618 675 4682 sepe
719 4612 1075 4683 presentare
1122 4626 1185 4668 se
1233 4606 1310 4669 ad
1359 4604 1567 4668 locum
1637 4604 1937 4669 Durachii
2004 4622 2110 4687 pro
2173 4623 2282 4669 suo
2339 4602 2610 4669 conforto
2674 4606 2738 4668 et
2808 4601 3244 4667 consolatione.

528 4687 792 4770 Insuper
833 4691 917 4754 sit
965 4692 1026 4756 in
1076 4692 1364 4757 libertate
1413 4691 1573 4757 dicti
1620 4693 2018 4774 supracomiti
2067 4693 2282 4769 nostri,
2333 4691 2386 4756 si
2453 4692 2764 4757 videbitur
2811 4689 2932 4756 sibi
2987 4689 3143 4754 utile
3190 4692 3256 4755 et

534 4773 786 4854 bonum,
833 4777 906 4841 de
952 4780 1262 4845 veniendo
1311 4800 1504 4863 usque
1549 4780 1615 4845 in
1664 4782 1839 4863 aquis
1890 4780 2081 4846 Jadre
2143 4799 2250 4864 pro
2299 4780 2499 4847 dando
2547 4779 2624 4845 ad
2672 4778 2990 4845 sciendum
3052 4776 3253 4859 nobis,
