3620 5282
2942 362 3024 428 27

317 537 586 603 districtu
633 543 967 605 recessisse
1015 561 1206 625 usque
1250 543 1325 606 ad
1367 545 1502 607 octo
1549 542 1678 607 dies
1720 546 1867 608 tunc
1921 544 2241 626 proximos
2301 544 2365 607 et
2409 542 2613 625 elapso
2674 540 2841 605 dicto
2909 542 3032 605 ter-

317 626 483 704 mino,
533 628 585 691 si
633 648 794 711 quos
841 631 903 693 in
952 629 1148 695 Jadra
1209 632 1457 712 reperiri
1521 633 1886 715 contigerit,
1957 633 2167 696 contra
2232 647 2336 695 eos
2402 631 2663 695 debeant
2709 628 3032 711 procedere

315 716 628 780 secundum
678 736 1009 800 processus
1057 721 1119 782 et
1170 719 1504 783 sententias
1543 718 1739 783 factos
1784 725 1847 784 et
1894 720 2088 783 factas
2136 739 2242 801 per
2274 721 2511 783 nostros
2559 719 2814 782 comites
2862 723 3036 780 ante-

315 803 488 867 dictos
535 806 665 868 sive
717 806 957 873 iudices
1003 805 1222 873 Jadre.
1269 807 1499 871 Verum
1549 808 1598 871 si
1647 827 1766 872 non
1813 808 2226 891 repirerentur
2252 807 2413 870 dicte
2463 806 2771 871 sententie
2796 808 2860 868 et
2892 823 3035 887 pro-

314 909 523 970 cessus,
573 892 855 959 debeant
898 895 1208 976 inquirere
1274 898 1338 959 et
1398 895 1747 960 examinare
1794 897 1868 960 de
1932 913 2104 974 nov0,
2168 899 2231 960 et
2284 897 2497 960 contra
2542 912 2641 958 eos
2689 893 3033 976 procedere,

313 979 459 1042 sicut
503 982 592 1044 eis
640 982 741 1047 vel
795 1000 1009 1048 eorum
1059 983 1276 1047 maiori
1322 985 1485 1066 parti
1531 984 1844 1049 videbitur
1888 982 2018 1049 fore
2066 984 2319 1048 iustum.

392 1069 547 1130 Scor.
597 1090 768 1132 cons,
813 1077 998 1149 royat.
1044 1074 1144 1133 lib.
1185 1074 1261 1133 A.
1309 1076 1413 1144 87,
1459 1093 1501 1134 u
1548 1077 1763 1134 arkivu
1807 1075 2162 1135 mletackom.

666 1263 1079 1345 xxxvl.
1136 1263 1340 1346 eon.
1398 1263 1618 1346 1347.
1672 1264 1766 1347 27
1822 1233 2112 1366 mnia,
2164 1288 2225 1347 u
2278 1264 2670 1347 metam.

311 1387 640 1462 anovieda
685 1408 753 1451 se
800 1393 993 1451 knew
1037 1392 1447 1462 εαάανεΙοοηω,
1493 1395 1647 1452 neka
1675 1409 1901 1466 pozove
1943 1393 2132 1466 preda
2174 1410 2237 1451 se
2281 1410 2378 1451 sve
2408 1392 2683 1465 DJeyunce
2730 1391 3038 1450 zadarske.

309 1477 421 1550 koji
463 1497 504 1536 u
550 1479 902 1553 tudjinstvu
945 1482 1131 1554 snuju
1174 1481 1263 1540 zlo
1297 1482 1465 1553 proti
1509 1482 1819 1555 mtetackoj
1862 1482 2041 1551 vladi,
2086 1482 2110 1539 i
2148 1482 2302 1539 nelca
2343 1481 2567 1553 prviavi
2606 1497 2751 1550 one,
2816 1479 2938 1551 lcoy’i
2983 1479 3040 1535 In?

1059 1586 1161 1626 mu
1206 1586 1266 1628 sc
1314 1570 1506 1627 uslied
1551 1574 1684 1644 toya
1728 1571 1940 1643 poziva
1978 1570 2291 1642 prikazali,

515 1687 712 1751 1347.
763 1687 863 1752 die
908 1687 988 1751 27
1038 1688 1426 1772 septembriS,
1486 1690 1700 1769 capta:
1766 1689 1928 1772 quia,
1993 1691 2062 1752 nt
2126 1688 2356 1753 habent
2415 1689 2624 1754 littere
2685 1685 2935 1754 comitis
2978 1689 3040 1751 et

315 1773 802 1840 consiliariorum
854 1779 1203 1841 nostrorum
1250 1776 1458 1851 Jadre,
1524 1782 1671 1840 sunt
1733 1778 1925 1859 aliqui
1970 1776 2282 1842 Jadratini
2348 1779 2655 1842 morantes
2699 1778 2761 1841 in
2819 1774 3039 1859 Segna,

316 1862 412 1942 qui
458 1881 598 1926 cum
646 1867 914 1946 quodam
962 1863 1154 1929 fratre
1203 1862 1534 1942 silvestro,
1604 1865 1888 1930 ministro
1953 1863 2184 1929 ordinis
2256 1866 2519 1930 fratrum
2583 1865 2920 1940 minorum,
2979 1867 3042 1928 et

315 1949 431 2013 filio
477 1948 679 2015 Cerne
730 1954 809 2016 de
857 1953 1174 2036 Fanfogna
1217 1953 1457 2035 publice
1505 1956 1570 2018 et
1614 1954 1853 2018 occulte
1901 1954 2277 2018 conveniunt
2323 1953 2577 2018 insimul
2622 1954 2684 2016 in
2733 1952 2866 2017 loco
2918 1952 3042 2016 fra-

320 2039 474 2101 trum
523 2040 846 2104 minorum
896 2059 1008 2123 pro
1056 2041 1330 2106 faciendo
1392 2046 1455 2105 et
1516 2041 1929 2124 procurando,
1978 2044 2050 2104 ut
2097 2042 2260 2105 credi
2304 2040 2565 2121 debent,
2629 2040 2853 2118 omnia,
2924 2058 3042 2122 que

316 2130 558 2206 possent
605 2130 826 2193 contra
877 2129 1167 2193 honorem
1217 2137 1496 2193 nostrum
1537 2133 1601 2193 et
1653 2130 2094 2193 detrimentum
2159 2129 2533 2206 redundare,
2582 2130 2683 2212 qui
2729 2128 3042 2194 Jadratini

317 2213 575 2296 gaudent
623 2218 806 2281 bonis
854 2221 918 2281 et
964 2217 1450 2299 possessionibus
1513 2217 1642 2281 suis
1690 2219 2095 2282 existentibus
2143 2218 2201 2281 in
2253 2216 2447 2283 Jadra
2493 2220 2556 2282 et
2600 2217 2928 2292 districtu,
2980 2217 3044 2280 et

321 2320 521 2366 eorum
568 2304 769 2387 aliqui
834 2306 1059 2369 iverint
1120 2305 1180 2368 in
1231 2306 1603 2388 Ungariam,
1651 2308 1713 2370 et
1776 2305 2097 2388 superinde
2162 2305 2247 2369 sit
2293 2307 2507 2370 taliter
2566 2303 3037 2388 providendum,

323 2390 468 2472 quod
514 2394 805 2474 predicta
849 2412 970 2458 non
1008 2393 1178 2469 fiant,
1226 2414 1340 2476 que
1387 2395 1633 2476 possent
1682 2393 1857 2458 nobis
1904 2413 2196 2476 generare
2242 2393 2600 2468 sinistrum;
2652 2394 2895 2458 videtur
2944 2410 3043 2455 sa-

324 2477 656 2560 pientibus,
707 2483 871 2563 quod
919 2482 1223 2545 scribatur
1270 2482 1483 2546 comiti
1530 2484 1595 2546 et-
1642 2482 2010 2547 consiliariis
2057 2482 2285 2546 nostris
2333 2482 2523 2546 Jadre
2552 2531 2567 2558 ,
2632 2481 2897 2564 qualiter
2948 2481 3044 2544 in-

331 2565 590 2632 tellectis
638 2569 870 2634 litteris
915 2570 1043 2633 suis
1090 2570 1545 2634 continentibus
1579 2570 1651 2633 de
1686 2569 1814 2634 illis
1839 2569 2201 2648 Jadratinis,
2237 2570 2341 2652 qui
2378 2572 2698 2634 morantur
2727 2570 2789 2633 in
2817 2569 3040 2652 Segna,

334 2662 732 2737 procurantes
779 2662 844 2724 et
888 2659 1318 2723 convenientes
1366 2659 1616 2722 insimul
1657 2678 1796 2723 cum
1844 2659 1974 2723 filio
2013 2658 2203 2724 Cerne
2251 2658 2324 2722 de
2370 2660 2690 2741 Fanfogna
2735 2662 2799 2723 et
2848 2657 3038 2722 fratre

334 2742 623 2811 Silvestro
673 2746 950 2830 predicto
994 2747 1056 2809 in
1103 2747 1562 2811 subversionem
1610 2748 1809 2811 status
1858 2746 2071 2820 nostri,
2121 2752 2184 2810 et
2206 2746 2480 2827 gaudent
2525 2745 2698 2811 bonis
2745 2746 2874 2810 suis
2903 2748 3042 2824 etc.,

331 2832 411 2895 eis
456 2834 791 2898 scribimus
838 2838 903 2899 et
946 2834 1329 2911 mandamus,
1373 2835 1531 2917 quod
1566 2835 1896 2916 diligenter
1927 2836 2232 2917 inquirere
2276 2836 2340 2897 et
2383 2836 2729 2899 examinare
2762 2834 3042 2911 debeant,

332 2920 429 3001 qui
473 2922 604 2985 sint
655 2922 747 2987 illi
796 2923 1104 2989 Jadratini
1153 2922 1473 2998 nominati,
1524 2924 1624 3004 qui
1674 2925 1992 2987 morantur
2039 2923 2097 2987 in
2148 2922 2351 3006 Segna
2398 2924 2462 2986 et
2510 2923 2756 2988 iverunt
2801 2922 2861 2985 in
2916 2921 3046 2986 Un-

332 3011 489 3089 garia
536 3011 640 3074 vel
685 3015 894 3075 essent
939 3012 1002 3073 in
1049 3010 1360 3093 aliquibus
1394 3011 1535 3074 aliis
1563 3012 1844 3093 partibus
1884 3009 2204 3075 Sclavenie
2238 3011 2576 3075 tractantes
2622 3010 2718 3075 vel
2756 3010 3045 3075 conantes

330 3098 589 3163 tractare
641 3100 874 3181 aliquid
925 3099 986 3161 in
1031 3099 1453 3162 subersionem
1501 3101 1704 3163 status
1750 3100 1942 3164 nostri
1987 3100 2047 3162 in
2097 3099 2375 3181 partibus
2420 3098 2739 3163 Sclavonie
2767 3149 2783 3177 ,
2832 3100 2894 3163 et
2941 3116 3043 3163 eos

333 3186 730 3251 nominaliter
774 3187 950 3251 citari
1001 3185 1232 3250 faciant
1275 3187 1520 3269 publice
1565 3186 1627 3250 in
1671 3187 1884 3264 Hadra,
1934 3189 2092 3270 quod
2145 3205 2346 3252 coram
2395 3185 2484 3251 eis
2529 3186 2795 3252 debeant
2840 3205 3046 3269 perso-

334 3273 548 3340 naliter
596 3294 953 3358 comparere
1000 3275 1160 3339 infra
1205 3275 1521 3351 terminoS,
1571 3276 1672 3357 qui
1722 3276 1814 3338 eis
1860 3275 2099 3338 habiles
2136 3274 2507 3339 videbuntur
2538 3275 2636 3339 vel
2669 3294 2882 3340 eorum
2916 3293 3046 3339 ma-

338 3360 441 3425 iori
486 3364 675 3445 parti,
718 3363 935 3428 habito
982 3366 1260 3446 respectu
1307 3363 1383 3428 ad
1432 3364 1790 3428 distantiam
1840 3364 2134 3439 locorum,
2184 3363 2246 3426 in
2296 3363 2517 3445 quibus
2561 3366 2785 3440 essent,
2834 3364 3047 3428 contra

339 3467 493 3529 quos.
541 3453 597 3517 si
646 3470 766 3516 non
817 3451 1289 3534 comparuerint,
1341 3451 1547 3534 elapso
1593 3453 1858 3515 termino
1905 3452 1993 3516 eis
2036 3453 2196 3529 dato,
2245 3453 2611 3534 procedatur
2659 3454 2874 3516 contra
2922 3470 3044 3528 eos,

337 3540 397 3599 nt
439 3539 787 3614 videbitun
836 3543 901 3603 et
945 3540 996 3603 si
1044 3539 1238 3622 aliqui
1286 3542 1757 3622 comparuerint,
1807 3540 2022 3604 statim
2079 3558 2178 3604 eos
2225 3538 2491 3604 debeant
2538 3541 2711 3604 nobis
2759 3541 3047 3604 denotare

340 3642 436 3705 per
476 3627 728 3692 litteras
775 3646 919 3692 suas
965 3630 1030 3692 et
1074 3647 1282 3692 eorum
1330 3628 1743 3706 conditioneS,
1808 3632 1874 3692 et
1920 3628 2018 3690 ubi
2064 3627 2238 3691 firme
2303 3629 2592 3692 steterint
2649 3628 2749 3694 vel
2812 3629 3048 3692 tracta-

339 3714 523 3863 τοῖἰῑιι
568 3720 788 3781 contra
830 3717 1119 3780 honorem
1172 3718 1470 3792 nostrum,
1512 3718 1584 3780 ut
1628 3717 1970 3798 superinde,
2019 3718 2090 3779 ut
2133 3715 2309 3780 nobis
2357 3715 2684 3793 videbitur,
2734 3716 3049 3798 providere

342 3817 405 3864 ve
430 3821 659 3868 eamus.

418 3892 570 3954 δεον.
609 3912 765 3953 cona.
810 3899 1151 3970 rogatorum
1195 3896 1291 3953 lib.
1336 3894 1408 3954 A.
1449 3896 1550 3965 87,
1598 3913 1639 3954 u
1680 3896 1899 3955 arkivu
1938 3895 2295 3955 mletac‘kom.

669 4085 1122 4167 XXXVII.
1195 4085 1401 4168 (3011.
1455 4085 1676 4169 1347.
1725 4085 1821 4167 27
1861 4087 2153 4187 ruina,
2203 4108 2264 4167 u
2311 4084 2701 4166 Mletcih.

430 4211 656 4271 Nalaie
702 4230 765 4272 se
808 4212 1147 4271 zadarskim
1193 4214 1606 4281 komornilcom,
1651 4214 1803 4271 nelca
1847 4230 1944 4271 sve
1976 4214 2163 4286 jaune
2197 4213 2451 4286 prihode
2479 4212 2756 4285 pobircv'u
2798 4213 2971 4271 sami.

553 4332 737 4397 1347.
786 4332 886 4397 die
933 4333 1175 4398 XXVII
1229 4333 1615 4415 septembris,
1665 4336 1883 4415 capta:
1950 4352 2089 4398 cum
2135 4333 2436 4397 habeatur
2502 4352 2606 4416 per
2651 4334 2894 4398 litteras
2942 4352 3051 4397 no-

346 4420 596 4487 strorum
643 4421 890 4486 comitis
939 4425 1003 4486 et
1051 4422 1542 4486 consiliariorum
1591 4421 1812 4498 Jadre,
1864 4423 2022 4504 quod
2069 4421 2386 4486 camerarii
2455 4421 2652 4486 nostri
2701 4421 2892 4489 Jadre
2941 4439 3050 4486 no·

347 4505 468 4573 lunt
511 4529 574 4574 se
623 4508 920 4592 impedire
966 4511 1041 4574 ad
1087 4508 1449 4593 exigendum
1499 4511 1671 4574 dacia
1732 4529 1838 4592 per
1903 4529 2010 4576 nos
2058 4510 2132 4573 de
2179 4528 2330 4574 novo
2374 4510 2671 4593 imposita
2725 4510 2789 4575 in
2835 4509 3047 4587 Jadra,

348 4598 403 4658 et
443 4599 763 4681 propterea
807 4597 956 4662 dicti
1001 4616 1206 4662 comes
1244 4600 1317 4662 'et
1360 4597 1693 4662 consiliarii
1749 4600 2021 4664 fecerant
2067 4602 2130 4662 et
2176 4599 2624 4664 constituerant
2685 4600 2927 4681 aliquos
2973 4599 3049 4663 ad

350 4684 692 4769 exigendum
737 4688 870 4769 ipsa
914 4687 1086 4751 dacia
1140 4704 1251 4769 pro
1298 4686 1680 4769 expeditione
1734 4690 2183 4764 mercatorum,
2246 4688 2311 4751 et
2353 4705 2475 4752 non
2535 4687 2619 4751 sit
2661 4686 3048 4765 convenienS,

350 4773 489 4852 quod
531 4774 768 4840 denarii
815 4774 1010 4839 nostri
1058 4775 1403 4840 communis
1450 4774 1677 4840 vadant
1705 4779 1770 4840 et
1804 4775 2132 4858 exigantur
2162 4794 2271 4858 per
2302 4775 2459 4840 tales
2493 4792 2819 4857 personas:
2870 4773 3041 4839 vadit

3138 2964 3173 3004 4,
