3620 5282
2985 375 3112 440 175

381 546 441 610 in
486 547 635 612 locis
683 551 748 612 et
793 549 978 613 terris
1038 550 1382 614 communis
1431 549 1862 628 venetiarum,
1931 551 1995 614 et
2041 569 2113 614 ea
2175 550 2502 614 revendere
2564 549 2642 613 ad
2685 568 2871 614 suum
2917 552 3104 616 bene-

377 634 671 716 placitum
723 636 1226 719 quandocunque,
1268 639 1336 701 ut
1388 636 1625 701 faciunt
1671 637 1910 702 oriundi
1958 637 2261 701 VenetiiS.

577 731 638 787 4.
684 725 845 789 Item
897 726 949 789 si
999 725 1391 808 contingerit,
1441 726 1600 808 quod
1664 726 1793 808 ipse
1857 725 2141 790 dominus
2200 725 2539 807 imperator
2614 725 2711 790 vel
2757 725 2889 790 eius
2940 725 3105 790 filius

377 811 658 875 dominus
707 832 811 878 rex
860 816 969 877 aut
1014 813 1263 877 domina
1310 812 1673 896 imperatrix
1722 814 2000 877 venirent
2038 813 2388 878 habitatum
2415 814 2714 889 VenetiiS,
2765 814 2926 895 quod
2960 816 3106 878 tunc

375 900 619 980 placeat
665 900 870 965 ducali
920 901 1321 965 dominationi
1373 903 1460 965 eis
1509 900 1605 965 vel
1651 902 1837 965 alicui
1902 920 2114 966 eorum
2177 902 2239 964 in
2301 903 2545 984 signum
2610 903 2836 965 amoris
2886 907 2948 966 et
2996 902 3104 966 ho-

367 988 749 1053 norificentie
797 989 999 1053 facere
1043 992 1107 1053 et
1151 988 1297 1053 dare
1346 989 1620 1071 aliquam
1669 989 2082 1071 provisionem
2133 1008 2239 1053 seu
2273 990 2593 1070 regaliam,
2645 989 2808 1053 sicut
2856 1008 2961 1070 pro
2995 990 3104 1053 ho-

377 1093 524 1139 nore
574 1076 915 1159 imperialis
962 1077 1249 1141 culminis
1294 1079 1359 1140 et
1404 1077 1793 1142 celsitudinis
1842 1077 2080 1141 ducalis
2130 1077 2440 1140 videbitur
2487 1077 2824 1141 convenire.

576 1163 636 1227 5.
688 1165 845 1227 Item
892 1165 944 1228 si
983 1184 1130 1229 casu
1177 1166 1578 1247 contingeret,
1629 1166 1787 1247 quod
1827 1165 2028 1228 ducali
2105 1165 2372 1228 dominio
2436 1164 2592 1228 foret
2654 1184 2806 1247 opus
2854 1165 2914 1228 in
2967 1185 3102 1246 par-

364 1250 533 1315 tibus
580 1250 903 1317 Sclavonie
952 1252 1046 1317 vel
1088 1253 1150 1316 in
1190 1253 1319 1317 illis
1353 1253 1628 1332 partibus
1675 1271 1782 1335 pro
1816 1253 2081 1317 exercitu
2121 1252 2396 1315 faciendo
2432 1254 2654 1316 habere
2694 1255 2951 1335 gentes:
2989 1254 3099 1317 do-

369 1338 575 1403 minus
625 1340 963 1423 imperator
1011 1340 1147 1406 vult
1193 1343 1257 1404 et
1303 1340 1480 1404 offert
1519 1361 1583 1404 se
1631 1342 1917 1404 daturum
1964 1340 2039 1403 de
2086 1359 2197 1404 sua
2244 1344 2426 1422 gente
2460 1341 2696 1423 equites
2744 1344 2808 1403 et
2851 1340 3095 1422 pedites

370 1429 444 1490 ad
495 1429 959 1510 requisitionem
1021 1428 1256 1492 ducalis
1316 1427 1784 1507 dominationiS,
1852 1431 1915 1492 et
1975 1447 2079 1492 eas
2143 1429 2390 1501 mittere
2438 1446 2755 1510 usquequo
2803 1431 3097 1509 poterunt

366 1533 580 1579 secure
626 1517 959 1599 attingere,
1008 1518 1071 1579 et
1116 1535 1225 1598 per
1273 1535 1442 1579 mare
1488 1516 1634 1579 dare
1682 1516 1972 1580 similiter
2018 1519 2274 1598 genteS,
2322 1515 2506 1579 dante
2571 1516 2688 1579 sibi
2749 1515 2950 1580 ducali
2999 1519 3101 1581 do-

324 1678 327 1685 *
367 1603 703 1667 minatione
751 1605 829 1666 ad
876 1603 1154 1686 predicta
1201 1604 1449 1686 navigia
1494 1608 1841 1686 opportuna
1901 1606 1964 1667 et
2029 1622 2134 1685 pro
2191 1605 2385 1667 eundo
2433 1605 2496 1666 et
2540 1603 2868 1668 redeundo.
2941 1605 3021 1668 Et
3067 1625 3099 1669 e

362 1709 673 1769 converso,
719 1691 771 1755 si
819 1691 1068 1755 domino
1115 1693 1474 1774 imperatori
1513 1693 1672 1755 foret
1717 1711 1871 1774 opus
1933 1710 2040 1773 pro
2107 1692 2382 1755 exercitu
2444 1690 2541 1754 vel
2605 1709 2862 1773 guerra,
2913 1711 3097 1774 quam

363 1778 596 1843 faceret
633 1780 696 1843 in
739 1780 868 1845 suis
916 1779 1215 1863 partibuS,
1264 1779 1423 1861 quod
1471 1780 1708 1843 ducalis
1754 1779 2101 1843 dominatio
2169 1779 2288 1843 sibi
2359 1782 2642 1842 teneatur
2688 1780 2833 1844 dare
2880 1783 3098 1862 gentes

363 1869 427 1931 et
468 1867 718 1949 navigia
764 1887 871 1950 per
917 1886 1114 1931 mare.

572 1955 632 2017 6.
676 1956 834 2019 Item
884 1974 1025 2019 cum
1075 1954 1360 2019 dominus
1408 1956 1739 2038 imperator
1800 1974 1906 2036 per
1954 1954 2220 2037 gratiam
2270 1954 2363 2018 dei
2415 1953 2814 2036 acquisiverit
2870 1956 2934 2018 et
2980 1956 3092 2019 ob-

361 2042 657 2125 ligaverit
702 2043 915 2108 decem
960 2046 1167 2125 partes
1216 2043 1507 2107 Romanie
1557 2043 1798 2125 imperii
1848 2042 2467 2124 Costantiuopolitani
2515 2044 2721 2125 preter
2767 2042 3091 2106 civitatem

365 2128 913 2212 Costantinopolis,
963 2149 1149 2214 quam
1198 2149 1545 2213 expugnare
1592 2135 1653 2195 et
1700 2131 2028 2213 subiugare
2077 2132 2322 2212 nequit,
2387 2131 2542 2213 quod
2593 2130 2838 2210 placeat
2883 2129 3087 2194 ducali

361 2217 765 2283 dominationi
809 2219 1062 2301 prebere
1128 2218 1247 2282 sibi
1311 2218 1609 2281 auxilinm
1670 2239 1776 2300 per
1852 2237 2017 2283 mare
2079 2219 2283 2301 gentis
2353 2222 2415 2280 et
2473 2217 2837 2300 gallearum.
2916 2218 2997 2281 Et
3044 2219 3096 2281 si

362 2309 607 2371 tantum
656 2308 992 2389 continget,
1042 2306 1306 2370 faciente
1354 2306 1619 2380 domino,
1669 2308 1827 2388 quod
1875 2307 2040 2370 dicta
2108 2307 2327 2369 civitas
2389 2306 2789 2387 subiugetur,
2856 2306 2990 2369 vult
3027 2308 3093 2370 et

363 2396 758 2460 contentatur
804 2395 1087 2458 dominus
1137 2395 1494 2477 imperator,
1543 2397 1704 2476 quod
1770 2396 1941 2458 totus
2004 2393 2298 2476 despotus
2365 2395 2449 2457 sit
2496 2394 2687 2458 libere
2750 2395 3097 2457 communis

365 2482 793 2559 Venetiarum,
845 2484 909 2546 et
951 2483 1003 2546 si
1053 2481 1322 2546 noluerit
1362 2482 1704 2563 despotum,
1753 2484 1903 2546 tunc
1947 2482 2230 2546 dominus
2282 2481 2621 2563 imperator
2666 2501 2808 2544 cum
2873 2482 3097 2545 auxilio

362 2569 602 2634 ducalis
651 2569 1082 2634 dominationis
1129 2588 1237 2652 per
1286 2588 1454 2633 mare
1501 2570 1676 2634 offert
1724 2590 1787 2633 se
1835 2569 2036 2633 facere
2076 2588 2379 2652 guerram
2430 2569 2670 2633 civitati
2724 2570 2894 2646 Pere,
2946 2570 3009 2632 et
3040 2570 3093 2633 si

367 2658 761 2741 contingerit,
811 2659 964 2740 quod
1010 2658 1394 2741 subiugetur,
1444 2659 1600 2741 quod
1650 2658 1816 2723 dicta
1871 2658 2089 2722 civitas
2136 2659 2220 2721 sit
2265 2658 2457 2721 libere
2505 2657 2847 2722 communis
2894 2658 3095 2722 Vene-

360 2748 615 2810 tiarum.
683 2746 767 2810 Et
833 2747 1108 2829 predicta
1156 2746 1310 2810 dicit
1355 2745 1639 2810 dominus
1689 2747 2025 2828 imperator
2073 2764 2257 2810 causa
2304 2745 2662 2808 extrahendi
2693 2745 2768 2808 de
2809 2746 3094 2809 manibus

360 2835 535 2899 illius
581 2833 851 2916 delegati
900 2833 1328 2912 CantacusinO,
1378 2834 1482 2916 qui
1518 2834 1746 2899 iniuste
1794 2836 1859 2901 et
1903 2833 2174 2898 indebite
2198 2833 2580 2914 captivatum
2608 2833 2846 2897 detinet
2887 2833 3085 2896 filium

360 2923 777 3006 imperatoris.

577 3010 636 3074 7.
685 3011 842 3074 Item
890 3010 1045 3088 vult,
1096 3011 1159 3075 et
1208 3010 1369 3092 petit
1415 3011 1698 3074 dominus
1746 3009 2102 3092 imperator,
2153 3008 2312 3091 quod
2383 3009 2433 3072 si
2479 3008 2611 3091 ipse
2667 3008 2762 3073 vel
2809 3008 3093 3073 dominus

359 3117 463 3163 rex
506 3098 647 3162 eius
692 3097 862 3162 filius
924 3101 1032 3162 aut
1078 3098 1330 3162 domina
1394 3097 1747 3179 imperatrix
1807 3097 1904 3161 vel
1951 3097 2111 3161 alius
2159 3115 2266 3179 pro
2314 3096 2403 3160 eis
2452 3100 2562 3161 aut
2604 3096 2826 3179 aliquis
2857 3096 2933 3160 de
2965 3097 3096 3161 suis

364 3185 654 3250 fidelibus
702 3189 935 3250 emeret
980 3188 1090 3250 aut
1137 3187 1426 3250 venderet
1472 3206 1579 3249 seu
1630 3187 1905 3250 facerent
1951 3185 2357 3248 mercationes
2409 3184 2470 3248 in
2519 3185 2770 3249 civitate
2809 3185 3097 3249 Venetia-

362 3292 496 3338 rum
544 3272 647 3337 vel
695 3274 871 3336 extra
903 3273 975 3337 in·
1016 3274 1196 3338 terris
1245 3276 1309 3337 et
1357 3273 1506 3338 locis
1555 3273 1901 3337 communis
1967 3272 2404 3350 venetiarum,
2470 3275 2628 3354 quod
2694 3291 2907 3337 omnes
2971 3273 3099 3337 sint

358 3361 535 3426 liberi
581 3363 650 3425 et
695 3361 929 3425 franchi
977 3363 1040 3425 et
1085 3362 1353 3442 exempti
1405 3362 1483 3424 ab
1532 3363 1697 3425 omni
1762 3361 1932 3425 datio
1984 3365 2048 3425 et
2093 3362 2350 3443 angaria
2415 3361 2757 3425 communis
2801 3361 3095 3426 Venecia-

359 3468 492 3513 rnm
544 3451 612 3514 et
658 3449 948 3527 locorum,
996 3449 1100 3513 ubi
1150 3449 1427 3531 predicta
1476 3448 1783 3527 facerent3
1847 3453 1908 3512 et
1956 3467 1987 3512 e
2035 3467 2321 3512 converso
2386 3449 2521 3511 vult
2567 3449 2849 3513 dominus
2894 3451 3094 3531 impe-

360 3541 545 3615 rator,
598 3536 763 3618 quod
812 3555 1024 3601 omnes
1070 3537 1233 3602 cives
1281 3539 1346 3601 et
1391 3538 1604 3600 fideles
1645 3536 1883 3600 ducalis
1930 3536 2368 3601 dominationis
2416 3538 2543 3601 sint
2575 3537 2773 3614 liberi,
2824 3537 3084 3614 franchi,

364 3625 677 3689 immunes
725 3626 788 3688 et
830 3626 1096 3707 exempti
1144 3624 1220 3688 ab
1268 3625 1434 3688 omni
1481 3625 1651 3688 datio
1695 3627 1757 3688 et
1803 3625 2058 3706 angaria
2122 3626 2184 3688 in
2247 3624 2532 3688 omnibus
2586 3625 2770 3689 terris
2829 3628 2894 3689 et
2938 3624 3090 3688 locis

360 3714 660 3778 subiectis
710 3713 955 3776 domiuo
1003 3713 1378 3795 imperatori.

569 3802 634 3864 8.
668 3800 849 3863 ‚Item
899 3800 951 3864 si
998 3801 1406 3883 contingeret,
1455 3800 1616 3882 quod
1678 3799 1904 3882 aliquis
1966 3799 2250 3864 dominus
2312 3800 2408 3866 vel
2476 3800 2760 3883 princeps
2824 3802 3096 3863 moveret

362 3906 655 3971 guerram
699 3888 798 3953 vel
845 3889 1084 3952 veniret
1129 3906 1314 3970 super
1361 3887 1681 3952 dominum
1731 3889 2165 3970 imperatorem
2215 3888 2308 3953 vel
2357 3890 2672 3952 dominum
2721 3906 2931 3969 regem
2963 3888 3093 3952 eius

362 3976 556 4040 filium
607 3977 725 4040 aut
770 3994 959 4058 supra
1003 3979 1201 4040 terras
1266 3994 1514 4053 eorum,
1565 3976 1721 4057 quod
1784 3976 2025 4040 ducalis
2087 3976 2424 4040 dominatio
2493 3995 2607 4042 non
2671 3974 2894 4039 debeat
2947 3975 3095 4038 dare

368 4063 492 4128 illis
539 4064 782 4128 talibus
830 4063 1126 4128 auxilium
1166 4063 1264 4127 vel
1309 4063 1618 4139 favorem,
1686 4066 1748 4127 et
1790 4065 1879 4127 sic
1926 4083 1957 4127 e
2005 4081 2297 4128 converso
2359 4066 2518 4146 quod
2565 4063 2848 4126 dominus
2896 4063 3090 4145 impe-

364 4154 528 4216 rator
573 4171 699 4216 non
748 4150 973 4215 debeat
1018 4152 1165 4215 dare
1212 4151 1507 4214 auxilium
1553 4149 1733 4214 alicui
1782 4170 2040 4233 persone
2088 4153 2162 4214 de
2213 4155 2477 4230 mundo,
2527 4152 2629 4234 qui
2682 4152 2777 4214 vel
2825 4171 2939 4233 que
2989 4171 3089 4216 ve·

340 4240 519 4305 niret
565 4258 757 4323 supra
804 4239 1073 4322 aliquem
1121 4240 1355 4303 terram
1400 4238 1497 4302 vel
1546 4237 1743 4303 locum
1792 4240 2133 4303 communis
2182 4240 2602 4303 Venetiarum.

575 4329 638 4393 9.
688 4328 850 4391 Item
898 4327 1137 4391 ducalis
1183 4326 1524 4392 dominatio
1572 4345 1678 4409 per
1726 4346 1870 4390 suas
1920 4328 2161 4391 litteras
2206 4330 2269 4390 et
2313 4329 2560 4391 nuntios
2612 4326 2853 4408 rogavit
2897 4327 3094 4392 domi-

366 4433 510 4479 num
558 4416 1022 4499 imperatorem,
1073 4414 1233 4498 quod
1282 4415 1557 4497 placeret
1602 4414 1721 4478 sibi
1769 4415 1899 4478 eius
1947 4433 2153 4479 amore
2203 4415 2426 4479 habere
2469 4416 2735 4480 amicum
2771 4415 3092 4482 dominum

367 4501 591 4568 bannm
645 4504 893 4579 Bosine,
942 4505 1007 4566 et
1053 4503 1211 4584 quod
1276 4505 1478 4585 ipsum
1544 4502 2084 4567 raccomandatum
2148 4503 2434 4581 haberet,
2484 4505 2548 4566 et
2594 4509 2917 4586 propterea
2962 4506 3092 4587 ipse

364 4588 644 4656 dominus
693 4593 1032 4674 imperator
1078 4591 1155 4654 ob
1202 4609 1475 4655 amoram
1524 4589 1761 4654 ducalis
1809 4591 2247 4654 dominationis
2296 4592 2493 4672 ipsum
2545 4592 2815 4655 bannum
2875 4592 3096 4656 habuit

368 4680 779 4745 amicabiliter
828 4681 892 4743 et
937 4677 1266 4754 tractavit3
1315 4678 1423 4742 sed
1469 4678 1600 4760 ipse
1663 4678 1902 4742 bannus
1965 4678 2126 4742 male
2189 4678 2308 4742 sibi
2366 4679 2717 4759 respondit,
2793 4698 2934 4743 nam
2981 4678 3087 4742 de-

361 4768 652 4851 predatus
699 4767 822 4832 fuit
867 4765 944 4832 de
987 4765 1116 4831 suis
1157 4766 1466 4849 gentibuS,
1515 4768 1581 4831 et
1624 4766 1952 4848 acquisivit
1995 4768 2068 4831 de
2116 4766 2245 4830 suis
2293 4767 2475 4830 terris
2523 4767 2586 4829 et
2627 4766 2800 4846 locis,
2850 4771 2911 4828 et
2943 4782 3088 4828 con-
