3620 5282
456 297 589 364 440

895 476 1057 558 CX.
1112 477 1323 560 God.
1379 477 1596 560 1327.
1648 478 1697 560 3
1750 476 2208 577 listopada‚
2260 500 2320 558 ιι
2374 476 2734 579 Spljetu.

477 602 645 663 Viede
684 603 963 677 spljetsko
999 604 1344 677 potvrdjuje
1378 604 1651 677 poyodbu
1694 604 1770 663 od
1816 603 2125 676 sphetskih
2144 604 2469 675 poseanika
2509 603 2853 663 utanacenu
2892 619 2962 661 sa
2991 602 3172 661 Mlet-

959 691 1097 749 ‹Eam'
1135 692 1300 765 ylede
1322 691 1677 765 podiolenja
1721 690 1953 764 szjeta
1996 690 2304 763 mlelaclcoj
2347 691 2651 763 republici.
2693 762 2698 767 ,

662 839 738 901 In
784 836 883 900 dei
929 836 1171 900 nomine
1225 854 1423 901 amen.
1471 836 1649 901 Anno
1711 837 1943 901 domini
2015 836 2345 901 millesimo
2392 836 2824 901 trecentesimo
2868 834 3172 915 vigesimo

460 927 754 1008 septime,
803 923 1132 987 indictione
1178 922 1434 1002 decima,
1484 925 1780 1006 regnante
1841 924 2088 988 domino
2153 924 2347 988 Karlo
2394 924 2665 988 Roberto
2710 941 2855 1005 rege
2902 922 3175 1005 Ungarie

461 1030 531 1077 ac
578 1011 830 1076 domino
875 1013 1082 1075 nostro
1126 1009 1404 1075 Johanne
1452 1008 1823 1093 Superancio
1870 1011 2080 1075 inclito
2120 1011 2272 1076 duce
2318 1010 2742 1087 Veneciarum,
2789 1008 3168 1092 temporibus

460 1099 828 1163 venerabilis
897 1086 1095 1179 patris
1155 1096 1385 1161 domini
1455 1097 1697 1162 Baliani
1752 1098 2193 1180 archiepiscopi
2248 1097 2645 1180 Spalatensis,
2695 1096 2920 1162 nobilis
2958 1097 3022 1160 et
3076 1114 3178 1159 sa-

463 1187 689 1269 pientis
734 1185 849 1248 viri
894 1184 1124 1248 domini
1172 1185 1367 1250 Marci
1409 1184 1662 1266 Segreto
1707 1184 2083 1250 honoradilis
2132 1185 2397 1261 comitis,
2445 1203 2518 1249 ac
2564 1184 2866 1249 nobilium
2895 1182 3167 1247 virorum

467 1274 852 1337 dominorum
899 1272 1115 1335 Lucari
1164 1271 1426 1347 Andre-e,
1488 1272 1693 1337 Janzii
1739 1273 1944 1355 Egidii
1993 1276 2057 1336 et
2102 1271 2318 1336 Nicole
2368 1235 2580 1336 I')uimi
2626 1270 3032 1347 Pervosclavi,
3072 1269 3176 1351 ju·

467 1360 672 1425 dicum
719 1358 991 1423 civitatis
1038 1357 1295 1441 Spaleti,
1346 1360 1443 1423 die
1505 1360 1693 1424 tercio
1738 1359 2024 1436 octobriS,
2087 1362 2417 1424 convocato
2461 1362 2526 1423 et
2570 1360 2946 1441 congregato
2989 1375 3173 1440 geue·

468 1447 587 1512 rali
634 1450 697 1511 et
741 1447 923 1529 pleno
969 1445 1222 1509 consilio
1270 1448 1616 1511 communis
1664 1450 1726 1511 et
1768 1446 2088 1511 hominum
2142 1446 2381 1529 Spalati
2426 1446 2491 1510 in
2537 1445 2775 1529 palacio
2823 1442 2969 1508 dicti
3004 1462 3173 1508 com-

471 1534 678 1599 munis
717 1552 860 1598 sono
905 1551 1197 1616 campane
1243 1536 1307 1597 et
1351 1551 1496 1597 voce
1541 1535 1820 1616 preconis
1867 1553 2037 1598 more
2083 1534 2288 1611 solito,
2349 1536 2411 1598 in
2450 1551 2567 1617 quo
2615 1530 3024 1597 interfuerunt
3070 1549 3176 1595 no-

467 1621 627 1687 biles
675 1623 739 1685 et
782 1620 1032 1684 discreti
1083 1620 1198 1685 viri
1246 1621 1639 1702 infrascripti,
1692 1621 1977 1686 videlicet
2024 1622 2297 1686 Lucarus
2334 1620 2595 1697 Andree,
2642 1620 2895 1685 Janzius
2942 1618 3169 1699 Egidii,

466 1708 709 1790 judices
755 1708 1033 1790 predicti,
1103 1708 1442 1772 Damianus
1502 1708 1740 1786 Nicole,
1796 1708 2178 1773 Theodosius
2219 1707 2486 1785 Alberti,
2540 1707 2878 1771 Domaldus
2934 1704 3167 1783 Duimi,

467 1795 718 1860 Madius
768 1794 957 1871 Petri,
1007 1795 1215 1859 Micha
1267 1794 1483 1871 Madii,
1532 1796 1754 1860 Petrus
1796 1796 2035 1873 Duimi,
2104 1796 2322 1860 Petrus
2368 1794 2696 1869 Camruzii‚
2745 1792 3016 1859 Joannes
3061 1792 3175 1856 Pe·

468 1884 701 1958 trache,
768 1882 1129 1946 Dobrallius
1195 1882 1601 1957 Pervosclavi,
1660 1883 1880 1947 Petrus
1930 1883 2169 1966 Stoyse,
2227 1882 2496 1947 Joannes
2553 1880 2784 1957 Duimi,
2849 1880 3176 1961 Philippus

467 1970 704 2047 Duimi,
748 1969 1063 2035 Grubulus
1109 1968 1456 2046 Theodosii,
1499 1968 1777 2035 Andreas
1824 1972 2034 2047 Desse,
2084 1970 2391 2034 Dobrolus
2430 1968 2622 2045 Junii,
2672 1968 2892 2032 Petrus
2941 1967 3172 2030 Pervo-

472 2057 687 2132 sclavi,
735 2056 997 2120 Duimus
1044 2054 1367 2133 Johannis,
1417 2056 1753 2122 Petraccha
1799 2056 1991 2133 Petri,
2053 2057 2268 2121 Zutius
2330 2054 2804 2131 BuccarnaioriS,
2855 2053 3174 2117 Pervosla-

466 2163 581 2208 vus
622 2142 961 2219 Francisci,
1030 2142 1342 2207 Joahnnes
1400 2143 1746 2220 Theodosii,
1814 2143 2136 2209 Serecchia
2203 2143 2442 2219 Lucari,
2496 2142 2787 2206 Nicolaus
2835 2141 3164 2218 Grubesce,

464 2231 689 2295 Petrus
720 2230 1015 2309 Bogdani,
1063 2230 1315 2294 Marcus
1345 2230 1590 2309 Marini,
1640 2231 1934 2295 Matheus
1973 2231 2271 2307 Kalende,
2322 2231 2540 2294 Petrus
2573 2228 2810 2302 Nicole
2857 2226 3174 2293 Joahnnes

461 2317 710 2394 Marini,
763 2316 1013 2399 Michoy
1086 2316 1299 2391 Madii,
1359 2317 1671 2382 Jahannes
1737 2318 2073 2401 Stephany,
2137 2317 2471 2400 Gregorius
2538 2316 2728 2393 Petri,
2802 2315 3172 2379 Laurencius

463 2404 701 2482 Nicole,
749 2403 1028 2467 Andreas
1077 2403 1331 2486 Draghi,
1383 2404 1682 2469 Produlus
1728 2405 1988 2487 Draghi,
2051 2407 2270 2470 Petrez
2317 2405 2563 2479 Marini,
2613 2401 3015 2468 Pervoslavus
3062 2400 3174 2466 Jo-

460 2490 702 2569 bannia,
773 2490 1023 2572 Michoy
1091 2490 1304 2568 Desse,
1366 2491 1585 2556 Nicola
1651 2491 1990 2570 Theodosii,
2062 2491 2420 2557 Camruzius
2495 2489 2815 2566 Johannis‚
2888 2488 3169 2553 Andreas

465 2578 698 2655 Duimi,
746 2576 1085 2641 Petraccha
1130 2577 1377 2654 Marini,
1441 2578 1651 2644 Micha
1720 2579 1984 2656 Alberti,
2047 2579 2234 2663 Livoy
2283 2577 2596 2662 Stephani,
2647 2538 2973 2660 Philippus
3022 2574 3173 2658 Spe·

465 2666 707 2745 tiarius,
757 2666 952 2729 Dessa
997 2665 1223 2740 Bitchi,
1272 2667 1584 2731 Johannes
1616 2667 1867 2745 GrecuS,
1916 2666 2149 2748 Joseph
2197 2667 2442 2740 Marini,
2490 2665 2713 2730 Nicola
2759 2665 2972 2728 Duimi
3003 2663 3172 2729 Gau-

466 2754 571 2833 dii,
618 2753 984 2817 Franciscus
1032 2753 1344 2833 Damiani,
1388 2754 1717 2837 Gregorius
1764 2755 1995 2831 Zinole,
2049 2753 2364 2819 Crestolus
2410 2753 2736 2830 Medicine,
2785 2749 3003 2816 Nicola
3048 2751 3173 2814 Lu-

468 2841 617 2916 cari,
680 2840 949 2905 Jacobus
1012 2841 1324 2919 Domaldi,
1394 2842 1661 2906 Thomas
1714 2841 1953 2917 Lucari,
2021 2842 2266 2906 Marcus
2327 2839 2728 2923 Stephanicii,
2798 2838 3172 2903 Theodosius

464 2926 760 3003 Grubich,
835 2928 1182 3009 Stephanus
1245 2929 1471 3002 Miche,
1543 2928 1854 2992 Martinus
1922 2929 2170 3001 Marini,
2232 2930 2560 2993 Forminus
2604 2926 2900 2998 Formini,
2949 2925 3171 2990 Petrus

471 3014 776 3090 Tolimiri,
836 3014 1148 3079 Crestolus
1196 3016 1385 3092 Petri,
1453 3017 1719 3081 Thomas
1767 3016 2062 3091 Francisi,
2118 3015 2336 3079 Nicola
2384 3013 2782 3095 Stephanicii,
2855 3011 3171 3077 Crestolus

466 3100 813 3178 Theodosii,
862 3101 999 3165 Elia
1043 3101 1318 3185 Mathey,
1388 3104 1558 3167 Mihe
1596 3104 1773 3179 Dese,
1838 3103 2198 3167 Franciscus
2256 3101 2588 3175 Gualcerii,
2654 3100 2897 3164 Madius
2944 3099 3168 3174 Miche,

472 3185 651 3251 Slove
697 3189 1036 3269 Bogodani,
1109 3189 1388 3254 Marinus
1458 3189 1683 3264 Pictor,
1731 3190 2105 3255 Musciattus
2153 3188 2514 3271 Spetiarius,
2577 3187 2842 3251 Duimus
2907 3186 3167 3263 Avanzi,

467 3272 733 3337 Duimus
778 3273 973 3339 Madii
1025 3274 1213 3349 Petri,
1264 3275 1610 3340 Bertannus
1669 3274 1920 3353 Conule,
1980 3276 2240 3341 Vulzule
2287 3276 2468 3353 Luce,
2518 3274 2779 3339 Savinus
2824 3273 3166 3351 Laurencii,

469 3359 630 3423 Luca
679 3360 876 3437 Milci,
918 3361 1183 3425 Duimus
1216 3361 1410 3426 Madii
1443 3363 1672 3438 Duimi,
1721 3363 2051 3445 Bogdanus
2082 3364 2272 3441 Petri,
2321 3363 2587 3427 Duimus
2620 3361 2868 3438 Marini,
2916 3360 3167 3425 Damia-

463 3465 577 3509 nus
624 3446 839 3519 Marci,
889 3447 1099 3512 Bivize
1145 3447 1462 3524 Johannis‚
1511 3449 1820 3513 Martinus
1867 3449 2233 3527 Mestichne,
2295 3449 2514 3514 Nicola
2561 3448 2832 3525 Russini,
2904 3447 3170 3511 Duimus

469 3532 768 3598 Johannis
828 3532 1000 3611 Gusi,
1070 3534 1340 3599 Jacobus
1404 3537 1574 3601 Petri
1631 3537 1948 3615 Braciche,
2015 3536 2291 3601 Marinus
2349 3536 2527 3613 Dese,
2578 3535 2869 3601 Stanicha
2917 3533 3168 3611 Sinluri,

468 3620 732 3685 Duimus
782 3621 1039 3704 Draghi,
1086 3621 1310 3686 Junius
1354 3622 1576 3700 Miche,
1642 3623 1905 3688 Duimus
1953 3624 2260 3702 Damiaui,
2328 3624 2553 3688 Petrus
2598 3622 2792 3686 Desse
2839 3624 2903 3686 et
2948 3621 3170 3686 Petrus

463 3708 713 3784 Sinluri,
762 3708 1020 3790 predicti
1068 3727 1282 3773 omnes
1329 3711 1393 3773 et
1461 3711 1706 3794 singuli,
1778 3712 1882 3793 qui
1929 3713 2072 3775 sunt
2117 3713 2378 3793 quatuor
2429 3712 2632 3793 partes
2681 3708 3168 3774 consiliariorum

467 3795 718 3860 maioris
760 3795 1002 3860 consilii
1050 3795 1210 3861 dicte
1259 3802 1438 3873 terre,
1484 3800 1549 3862 et
1592 3797 1696 3877 qui
1744 3800 1942 3863 totum
1989 3798 2337 3875 consilium,
2387 3815 2712 3863 commune
2758 3798 2822 3860 et
2868 3796 3169 3860 universi-

463 3885 658 3945 tatem
706 3883 872 3948 dicte
918 3887 1116 3947 terrae
1177 3887 1661 3965 reppresentant,
1726 3886 2008 3966 presente
2069 3887 2129 3948 et
2193 3885 2530 3949 adsistente
2593 3883 2821 3948 ibidem
2868 3882 3061 3948 nobili
3107 3883 3170 3945 et

462 3969 739 4053 sapiente
800 3970 930 4035 viro
1004 3971 1251 4036 domino
1314 3971 1523 4037 Marco
1585 3971 1841 4055 Segreto
1901 3971 2237 4036 honorabili
2297 3973 2428 4035 cive
2493 3971 2709 4036 veneto
2769 3988 2878 4053 pro
2940 3968 3168 4033 illustri

465 4057 711 4122 domino
758 4058 908 4122 duce
956 4064 1018 4122 et
1062 4060 1374 4124 communi
1423 4059 1829 4123 Veneciarum
1876 4058 2223 4141 Spalatensi
2270 4058 2496 4123 comite
2542 4062 2909 4140 nuncupato,
2957 4056 3063 4138 qui
3109 4056 3172 4119 in

460 4143 577 4206 hac
624 4146 796 4227 parte
841 4164 1166 4227 personam
1230 4146 1377 4211 dicti
1436 4146 1666 4211 domini
1714 4147 1885 4211 ducis
1950 4149 2015 4211 et
2059 4148 2398 4211 communis
2463 4145 2869 4209 Veneciarum
2918 4162 2989 4208 ex
3036 4161 3173 4225 spe-

463 4230 601 4293 ciali
650 4232 938 4296 mandato
986 4234 1103 4297 sibi
1146 4234 1310 4298 facto
1357 4237 1804 4316 reppresentat,
1855 4244 1918 4297 et
1962 4232 2040 4297 ad
2088 4233 2219 4298 eius
2268 4231 2637 4298 instanciam
2692 4233 2756 4296 et
2789 4230 3170 4312 peticionem,

465 4321 702 4398 sponte,
751 4319 964 4396 libere,
1035 4321 1410 4384 unanimiter
1479 4324 1543 4385 et
1602 4322 1999 4396 concorditer,
2073 4323 2315 4384 nemine
2379 4320 2783 4400 discrepante,
2849 4320 3030 4382 deum
3101 4336 3172 4380 ex

463 4404 641 4466 tanta
682 4405 883 4486 gratia
912 4405 1256 4484 laudantes,
1307 4409 1783 4483 ratificavernnt,
1833 4407 2261 4485 laudaverunt,
2303 4406 2818 4472 confirmaverunt
2851 4408 2915 4470 et
2947 4421 3165 4485 appro-

464 4487 767 4552 baverunt
822 4491 881 4555 in
952 4495 1155 4558 totum
1224 4495 1619 4570 oblationem,
1690 4495 2133 4560 subiectionem
2205 4497 2268 4558 et
2332 4493 2811 4558 submissionem
2878 4489 3169 4567 civitatis,

460 4574 807 4654 districtus,
870 4582 1224 4659 comitatae,
1311 4582 1793 4659 communitatis,
1866 4581 2294 4647 universitatis
2362 4579 2685 4645 hominum
2750 4581 2814 4644 et
2869 4578 3166 4642 bonorum

467 4660 708 4743 Spalati
748 4663 976 4729 factam
1022 4667 1255 4732 illustri
1297 4672 1361 4732 et
1403 4670 1729 4752 magnifico
1790 4669 2038 4733 domino
2096 4669 2239 4732 duci
2287 4670 2351 4733 et
2398 4665 2708 4732 communi
2754 4665 3166 4730 Veneciarum
