<?xml version="1.0" encoding="UTF-8"?>
<!DOCTYPE html PUBLIC "-//W3C//DTD XHTML 1.0 Transitional//EN"
    "http://www.w3.org/TR/xhtml1/DTD/xhtml1-transitional.dtd">
<html xmlns="http://www.w3.org/1999/xhtml" xml:lang="en" lang="en">
 <head>
  <title>
</title>
<meta http-equiv="Content-Type" content="text/html;charset=utf-8" />
  <meta name='ocr-system' content='tesseract 3.04.00' />
  <meta name='ocr-capabilities' content='ocr_page ocr_carea ocr_par ocr_line ocrx_word'/>
</head>
<body>
  <div class='ocr_page' id='page_1' title='image "./monumentaspecta02umjegoog_0379.png"; bbox 0 0 3620 5282; ppageno 0'>
   <div class='ocr_carea' id='block_1_1' title="bbox 3037 324 3163 390">
    <p class='ocr_par' dir='ltr' id='par_1_1' title="bbox 3037 324 3163 390">
     <span class='ocr_line' id='line_1_1' title="bbox 3037 324 3163 390; baseline -0.024 0"><span class='ocrx_word' id='word_1_1' title='bbox 3037 324 3163 390; x_wconf 79' lang='lat'>327</span> 
     </span>
    </p>
   </div>
   <div class='ocr_carea' id='block_1_2' title="bbox 440 496 3165 1803">
    <p class='ocr_par' dir='ltr' id='par_1_2' title="bbox 441 496 3165 1370">
     <span class='ocr_line' id='line_1_2' title="bbox 450 496 3165 581; baseline 0.001 -18"><span class='ocrx_word' id='word_1_2' title='bbox 450 496 619 563; x_wconf 89' lang='lat' dir='ltr'>omni</span> <span class='ocrx_word' id='word_1_3' title='bbox 668 499 799 563; x_wconf 88' lang='lat' dir='ltr'>loco</span> <span class='ocrx_word' id='word_1_4' title='bbox 845 501 908 562; x_wconf 91' lang='lat' dir='ltr'>et</span> <span class='ocrx_word' id='word_1_5' title='bbox 956 498 1176 575; x_wconf 62' lang='lat' dir='ltr'>officim</span> <span class='ocrx_word' id='word_1_6' title='bbox 1227 498 1496 581; x_wconf 80' lang='lat' dir='ltr'>exceptis</span> <span class='ocrx_word' id='word_1_7' title='bbox 1544 499 1851 564; x_wconf 89' lang='lat' dir='ltr'>iudicibus</span> <span class='ocrx_word' id='word_1_8' title='bbox 1898 498 2137 581; x_wconf 83' lang='lat' dir='ltr'>palacii,</span> <span class='ocrx_word' id='word_1_9' title='bbox 2199 498 2636 581; x_wconf 84' lang='lat' dir='ltr'>pagatoribus,</span> <span class='ocrx_word' id='word_1_10' title='bbox 2701 498 3054 566; x_wconf 86' lang='lat' dir='ltr'>consulibus</span> <span class='ocrx_word' id='word_1_11' title='bbox 3101 505 3165 567; x_wconf 87' lang='lat' dir='ltr'>et</span> 
     </span>
     <span class='ocr_line' id='line_1_3' title="bbox 444 585 3165 670; baseline 0.001 -19"><span class='ocrx_word' id='word_1_12' title='bbox 444 587 738 670; x_wconf 88' lang='lat' dir='ltr'>patronis,</span> <span class='ocrx_word' id='word_1_13' title='bbox 788 605 908 649; x_wconf 90' lang='lat' dir='ltr'>non</span> <span class='ocrx_word' id='word_1_14' title='bbox 958 587 1310 669; x_wconf 87' lang='lat' dir='ltr'>accipiendo</span> <span class='ocrx_word' id='word_1_15' title='bbox 1358 587 1475 650; x_wconf 86' lang='lat' dir='ltr'>nisi</span> <span class='ocrx_word' id='word_1_16' title='bbox 1523 606 1711 651; x_wconf 86' lang='lat' dir='ltr'>unum</span> <span class='ocrx_word' id='word_1_17' title='bbox 1761 605 1870 669; x_wconf 89' lang='lat' dir='ltr'>pro</span> <span class='ocrx_word' id='word_1_18' title='bbox 1917 586 2115 651; x_wconf 83' lang='lat' dir='ltr'>officio</span> <span class='ocrx_word' id='word_1_19' title='bbox 2159 588 2224 651; x_wconf 88' lang='lat' dir='ltr'>et</span> <span class='ocrx_word' id='word_1_20' title='bbox 2270 606 2458 651; x_wconf 92' lang='lat' dir='ltr'>unum</span> <span class='ocrx_word' id='word_1_21' title='bbox 2490 604 2597 667; x_wconf 91' lang='lat' dir='ltr'>pro</span> <span class='ocrx_word' id='word_1_22' title='bbox 2630 585 2829 649; x_wconf 90' lang='lat' dir='ltr'>domo.</span> <span class='ocrx_word' id='word_1_23' title='bbox 2878 587 2962 652; x_wconf 87' lang='lat' dir='ltr'>Et</span> <span class='ocrx_word' id='word_1_24' title='bbox 2988 590 3165 653; x_wconf 89' lang='lat' dir='ltr'>duret</span> 
     </span>
     <span class='ocr_line' id='line_1_4' title="bbox 443 674 3165 758; baseline 0.001 -20"><span class='ocrx_word' id='word_1_25' title='bbox 443 694 553 758; x_wconf 88' lang='lat' dir='ltr'>per</span> <span class='ocrx_word' id='word_1_26' title='bbox 600 693 704 738; x_wconf 84' lang='lat' dir='ltr'>sex</span> <span class='ocrx_word' id='word_1_27' title='bbox 752 692 1017 751; x_wconf 86' lang='lat' dir='ltr'>menses,</span> <span class='ocrx_word' id='word_1_28' title='bbox 1066 674 1129 737; x_wconf 92' lang='lat' dir='ltr'>in</span> <span class='ocrx_word' id='word_1_29' title='bbox 1176 676 1296 738; x_wconf 88' lang='lat' dir='ltr'>fine</span> <span class='ocrx_word' id='word_1_30' title='bbox 1340 693 1595 755; x_wconf 89' lang='lat' dir='ltr'>quorum</span> <span class='ocrx_word' id='word_1_31' title='bbox 1646 675 1928 739; x_wconf 84' lang='lat' dir='ltr'>veniatur</span> <span class='ocrx_word' id='word_1_32' title='bbox 1973 675 2048 739; x_wconf 90' lang='lat' dir='ltr'>ad</span> <span class='ocrx_word' id='word_1_33' title='bbox 2093 675 2261 739; x_wconf 91' lang='lat' dir='ltr'>istud</span> <span class='ocrx_word' id='word_1_34' title='bbox 2313 674 2657 749; x_wconf 88' lang='lat' dir='ltr'>consilium,</span> <span class='ocrx_word' id='word_1_35' title='bbox 2707 674 2769 737; x_wconf 89' lang='lat' dir='ltr'>et</span> <span class='ocrx_word' id='word_1_36' title='bbox 2814 674 2954 754; x_wconf 90' lang='lat' dir='ltr'>fiet,</span> <span class='ocrx_word' id='word_1_37' title='bbox 3004 678 3165 740; x_wconf 89' lang='lat' dir='ltr'>sicut</span> 
     </span>
     <span class='ocr_line' id='line_1_5' title="bbox 442 760 3163 845; baseline 0.001 -20"><span class='ocrx_word' id='word_1_38' title='bbox 442 761 777 826; x_wconf 86' lang='lat' dir='ltr'>videbitur.</span> <span class='ocrx_word' id='word_1_39' title='bbox 826 762 910 825; x_wconf 87' lang='lat' dir='ltr'>Et</span> <span class='ocrx_word' id='word_1_40' title='bbox 957 780 1077 825; x_wconf 90' lang='lat' dir='ltr'>non</span> <span class='ocrx_word' id='word_1_41' title='bbox 1126 762 1512 844; x_wconf 77' lang='lat' dir='ltr'>intelligatur</span> <span class='ocrx_word' id='word_1_42' title='bbox 1560 764 2004 844; x_wconf 84' lang='lat' dir='ltr'>congregatum</span> <span class='ocrx_word' id='word_1_43' title='bbox 2055 762 2260 845; x_wconf 90' lang='lat' dir='ltr'>ipsum</span> <span class='ocrx_word' id='word_1_44' title='bbox 2287 761 2610 826; x_wconf 89' lang='lat' dir='ltr'>consilium</span> <span class='ocrx_word' id='word_1_45' title='bbox 2658 760 2777 825; x_wconf 90' lang='lat' dir='ltr'>nisi</span> <span class='ocrx_word' id='word_1_46' title='bbox 2817 763 2930 826; x_wconf 90' lang='lat' dir='ltr'>due</span> <span class='ocrx_word' id='word_1_47' title='bbox 2958 767 3163 844; x_wconf 84' lang='lat' dir='ltr'>partes</span> 
     </span>
     <span class='ocr_line' id='line_1_6' title="bbox 444 848 3159 933; baseline 0.001 -21"><span class='ocrx_word' id='word_1_48' title='bbox 444 850 676 914; x_wconf 89' lang='lat' dir='ltr'>fuerint</span> <span class='ocrx_word' id='word_1_49' title='bbox 715 850 1107 933; x_wconf 84' lang='lat' dir='ltr'>congregate.</span> <span class='ocrx_word' id='word_1_50' title='bbox 1177 849 1260 913; x_wconf 91' lang='lat' dir='ltr'>Et</span> <span class='ocrx_word' id='word_1_51' title='bbox 1323 850 1647 913; x_wconf 87' lang='lat' dir='ltr'>teneantur</span> <span class='ocrx_word' id='word_1_52' title='bbox 1707 851 2029 914; x_wconf 91' lang='lat' dir='ltr'>convenire</span> <span class='ocrx_word' id='word_1_53' title='bbox 2100 850 2290 914; x_wconf 88' lang='lat' dir='ltr'>etiam</span> <span class='ocrx_word' id='word_1_54' title='bbox 2366 849 2506 913; x_wconf 90' lang='lat' dir='ltr'>aliis</span> <span class='ocrx_word' id='word_1_55' title='bbox 2576 848 2794 912; x_wconf 90' lang='lat' dir='ltr'>diebus</span> <span class='ocrx_word' id='word_1_56' title='bbox 2865 852 2928 913; x_wconf 92' lang='lat' dir='ltr'>et</span> <span class='ocrx_word' id='word_1_57' title='bbox 2974 851 3159 929; x_wconf 77' lang='lat' dir='ltr'>hori8‚</span> 
     </span>
     <span class='ocr_line' id='line_1_7' title="bbox 444 935 3162 1020; baseline 0 -19"><span class='ocrx_word' id='word_1_58' title='bbox 444 937 690 1020; x_wconf 90' lang='lat' dir='ltr'>quando</span> <span class='ocrx_word' id='word_1_59' title='bbox 735 938 1135 1014; x_wconf 81' lang='lat' dir='ltr'>vocabuntur,</span> <span class='ocrx_word' id='word_1_60' title='bbox 1186 938 1300 1002; x_wconf 90' lang='lat' dir='ltr'>sub</span> <span class='ocrx_word' id='word_1_61' title='bbox 1348 937 1530 1001; x_wconf 89' lang='lat' dir='ltr'>dictis</span> <span class='ocrx_word' id='word_1_62' title='bbox 1582 937 1776 1019; x_wconf 78' lang='lat' dir='ltr'>penis,</span> <span class='ocrx_word' id='word_1_63' title='bbox 1845 938 1926 1000; x_wconf 91' lang='lat' dir='ltr'>Et</span> <span class='ocrx_word' id='word_1_64' title='bbox 1983 935 2036 1001; x_wconf 90' lang='lat' dir='ltr'>si</span> <span class='ocrx_word' id='word_1_65' title='bbox 2095 938 2387 1002; x_wconf 77' lang='lat' dir='ltr'>steterint</span> <span class='ocrx_word' id='word_1_66' title='bbox 2443 938 2579 1001; x_wconf 91' lang='lat' dir='ltr'>octo</span> <span class='ocrx_word' id='word_1_67' title='bbox 2648 936 2866 1001; x_wconf 88' lang='lat' dir='ltr'>diebus</span> <span class='ocrx_word' id='word_1_68' title='bbox 2912 938 2987 1003; x_wconf 90' lang='lat' dir='ltr'>de</span> <span class='ocrx_word' id='word_1_69' title='bbox 3043 957 3162 1002; x_wconf 91' lang='lat' dir='ltr'>non</span> 
     </span>
     <span class='ocr_line' id='line_1_8' title="bbox 442 1023 3164 1102; baseline 0 -13"><span class='ocrx_word' id='word_1_70' title='bbox 442 1025 735 1090; x_wconf 85' lang='lat' dir='ltr'>veniendo</span> <span class='ocrx_word' id='word_1_71' title='bbox 777 1025 852 1089; x_wconf 89' lang='lat' dir='ltr'>ad</span> <span class='ocrx_word' id='word_1_72' title='bbox 897 1024 1245 1101; x_wconf 88' lang='lat' dir='ltr'>consilium,</span> <span class='ocrx_word' id='word_1_73' title='bbox 1295 1026 1422 1089; x_wconf 91' lang='lat' dir='ltr'>sint</span> <span class='ocrx_word' id='word_1_74' title='bbox 1467 1026 1657 1102; x_wconf 86' lang='lat' dir='ltr'>extra,</span> <span class='ocrx_word' id='word_1_75' title='bbox 1708 1044 1817 1089; x_wconf 89' lang='lat' dir='ltr'>nec</span> <span class='ocrx_word' id='word_1_76' title='bbox 1862 1026 2079 1088; x_wconf 81' lang='lat' dir='ltr'>exeant</span> <span class='ocrx_word' id='word_1_77' title='bbox 2124 1024 2198 1088; x_wconf 91' lang='lat' dir='ltr'>de</span> <span class='ocrx_word' id='word_1_78' title='bbox 2248 1028 2412 1089; x_wconf 86' lang='lat' dir='ltr'>terra</span> <span class='ocrx_word' id='word_1_79' title='bbox 2475 1026 2606 1088; x_wconf 90' lang='lat' dir='ltr'>sine</span> <span class='ocrx_word' id='word_1_80' title='bbox 2666 1023 2917 1089; x_wconf 90' lang='lat' dir='ltr'>licentia</span> <span class='ocrx_word' id='word_1_81' title='bbox 2964 1025 3164 1090; x_wconf 89' lang='lat' dir='ltr'>domi-</span> 
     </span>
     <span class='ocr_line' id='line_1_9' title="bbox 442 1111 3164 1194; baseline 0.001 -19"><span class='ocrx_word' id='word_1_82' title='bbox 442 1111 739 1189; x_wconf 80' lang='lat' dir='ltr'>nationis3</span> <span class='ocrx_word' id='word_1_83' title='bbox 790 1115 853 1176; x_wconf 91' lang='lat' dir='ltr'>et</span> <span class='ocrx_word' id='word_1_84' title='bbox 898 1112 951 1177; x_wconf 90' lang='lat' dir='ltr'>si</span> <span class='ocrx_word' id='word_1_85' title='bbox 998 1112 1376 1194; x_wconf 85' lang='lat' dir='ltr'>eligerentur</span> <span class='ocrx_word' id='word_1_86' title='bbox 1423 1112 1500 1176; x_wconf 86' lang='lat' dir='ltr'>ad</span> <span class='ocrx_word' id='word_1_87' title='bbox 1546 1113 1822 1194; x_wconf 85' lang='lat' dir='ltr'>regimen</span> <span class='ocrx_word' id='word_1_88' title='bbox 1870 1112 1964 1176; x_wconf 85' lang='lat' dir='ltr'>vel</span> <span class='ocrx_word' id='word_1_89' title='bbox 2010 1111 2087 1176; x_wconf 88' lang='lat' dir='ltr'>ad</span> <span class='ocrx_word' id='word_1_90' title='bbox 2134 1112 2341 1190; x_wconf 90' lang='lat' dir='ltr'>aliud,</span> <span class='ocrx_word' id='word_1_91' title='bbox 2409 1112 2535 1176; x_wconf 90' lang='lat' dir='ltr'>sint</span> <span class='ocrx_word' id='word_1_92' title='bbox 2595 1113 2766 1176; x_wconf 87' lang='lat' dir='ltr'>extra</span> <span class='ocrx_word' id='word_1_93' title='bbox 2813 1112 3164 1194; x_wconf 86' lang='lat' dir='ltr'>quindecim</span> 
     </span>
     <span class='ocr_line' id='line_1_10' title="bbox 441 1199 3160 1283; baseline 0.001 -20"><span class='ocrx_word' id='word_1_94' title='bbox 441 1200 655 1265; x_wconf 88' lang='lat' dir='ltr'>diebus</span> <span class='ocrx_word' id='word_1_95' title='bbox 703 1202 867 1275; x_wconf 89' lang='lat' dir='ltr'>ante,</span> <span class='ocrx_word' id='word_1_96' title='bbox 917 1219 1100 1282; x_wconf 91' lang='lat' dir='ltr'>quam</span> <span class='ocrx_word' id='word_1_97' title='bbox 1149 1201 1236 1264; x_wconf 89' lang='lat' dir='ltr'>ire</span> <span class='ocrx_word' id='word_1_98' title='bbox 1283 1199 1566 1264; x_wconf 89' lang='lat' dir='ltr'>debeant.</span> <span class='ocrx_word' id='word_1_99' title='bbox 1630 1201 1714 1263; x_wconf 83' lang='lat' dir='ltr'>Et</span> <span class='ocrx_word' id='word_1_100' title='bbox 1774 1200 1827 1264; x_wconf 92' lang='lat' dir='ltr'>si</span> <span class='ocrx_word' id='word_1_101' title='bbox 1893 1199 2217 1264; x_wconf 87' lang='lat' dir='ltr'>consilium</span> <span class='ocrx_word' id='word_1_102' title='bbox 2267 1202 2381 1264; x_wconf 86' lang='lat' dir='ltr'>eto.</span> <span class='ocrx_word' id='word_1_103' title='bbox 2455 1200 2536 1263; x_wconf 84' lang='lat' dir='ltr'>Et</span> <span class='ocrx_word' id='word_1_104' title='bbox 2571 1200 2755 1281; x_wconf 86' lang='lat' dir='ltr'>capta</span> <span class='ocrx_word' id='word_1_105' title='bbox 2801 1201 2922 1263; x_wconf 88' lang='lat' dir='ltr'>ista</span> <span class='ocrx_word' id='word_1_106' title='bbox 2969 1204 3160 1283; x_wconf 88' lang='lat' dir='ltr'>parte,</span> 
     </span>
     <span class='ocr_line' id='line_1_11' title="bbox 441 1287 2430 1370; baseline 0 -19"><span class='ocrx_word' id='word_1_107' title='bbox 441 1288 699 1370; x_wconf 89' lang='lat' dir='ltr'>ponetur</span> <span class='ocrx_word' id='word_1_108' title='bbox 745 1289 960 1369; x_wconf 89' lang='lat' dir='ltr'>postea</span> <span class='ocrx_word' id='word_1_109' title='bbox 1004 1287 1080 1351; x_wconf 90' lang='lat' dir='ltr'>de</span> <span class='ocrx_word' id='word_1_110' title='bbox 1128 1288 1308 1351; x_wconf 90' lang='lat' dir='ltr'>modo</span> <span class='ocrx_word' id='word_1_111' title='bbox 1350 1287 1666 1351; x_wconf 83' lang='lat' dir='ltr'>electionis</span> <span class='ocrx_word' id='word_1_112' title='bbox 1706 1289 2010 1352; x_wconf 89' lang='lat' dir='ltr'>dictorum</span> <span class='ocrx_word' id='word_1_113' title='bbox 2059 1288 2430 1370; x_wconf 87' lang='lat' dir='ltr'>sapientum.</span> 
     </span>
    </p>

    <p class='ocr_par' dir='ltr' id='par_1_3' title="bbox 440 1374 3164 1702">
     <span class='ocr_line' id='line_1_12' title="bbox 648 1374 3158 1457; baseline 0.001 -19"><span class='ocrx_word' id='word_1_114' title='bbox 648 1374 879 1456; x_wconf 88' lang='lat' dir='ltr'>Capta:</span> <span class='ocrx_word' id='word_1_115' title='bbox 930 1376 1089 1457; x_wconf 87' lang='lat' dir='ltr'>quod</span> <span class='ocrx_word' id='word_1_116' title='bbox 1135 1374 1242 1438; x_wconf 88' lang='lat' dir='ltr'>isti</span> <span class='ocrx_word' id='word_1_117' title='bbox 1291 1375 1616 1457; x_wconf 78' lang='lat' dir='ltr'>sapienteS,</span> <span class='ocrx_word' id='word_1_118' title='bbox 1665 1374 1848 1439; x_wconf 89' lang='lat' dir='ltr'>fiendi</span> <span class='ocrx_word' id='word_1_119' title='bbox 1899 1394 2057 1439; x_wconf 85' lang='lat' dir='ltr'>nunc</span> <span class='ocrx_word' id='word_1_120' title='bbox 2089 1376 2288 1457; x_wconf 92' lang='lat' dir='ltr'>primo</span> <span class='ocrx_word' id='word_1_121' title='bbox 2327 1394 2520 1456; x_wconf 89' lang='lat' dir='ltr'>usque</span> <span class='ocrx_word' id='word_1_122' title='bbox 2583 1374 2661 1438; x_wconf 89' lang='lat' dir='ltr'>ad</span> <span class='ocrx_word' id='word_1_123' title='bbox 2709 1394 3040 1440; x_wconf 89' lang='lat' dir='ltr'>numerum</span> <span class='ocrx_word' id='word_1_124' title='bbox 3086 1377 3158 1440; x_wconf 87' lang='lat' dir='ltr'>de</span> 
     </span>
     <span class='ocr_line' id='line_1_13' title="bbox 445 1460 3164 1545; baseline 0.001 -20"><span class='ocrx_word' id='word_1_125' title='bbox 445 1460 639 1540; x_wconf 87' lang='lat' dir='ltr'>XXV,</span> <span class='ocrx_word' id='word_1_126' title='bbox 689 1462 843 1527; x_wconf 87' lang='lat' dir='ltr'>fiant</span> <span class='ocrx_word' id='word_1_127' title='bbox 887 1482 1008 1527; x_wconf 88' lang='lat' dir='ltr'>una</span> <span class='ocrx_word' id='word_1_128' title='bbox 1054 1480 1274 1526; x_wconf 88' lang='lat' dir='ltr'>manus</span> <span class='ocrx_word' id='word_1_129' title='bbox 1320 1483 1429 1544; x_wconf 88' lang='lat' dir='ltr'>per</span> <span class='ocrx_word' id='word_1_130' title='bbox 1478 1462 1846 1526; x_wconf 87' lang='lat' dir='ltr'>scrutinium</span> <span class='ocrx_word' id='word_1_131' title='bbox 1894 1462 1956 1526; x_wconf 93' lang='lat' dir='ltr'>in</span> <span class='ocrx_word' id='word_1_132' title='bbox 2004 1462 2239 1545; x_wconf 87' lang='lat' dir='ltr'>rogatis</span> <span class='ocrx_word' id='word_1_133' title='bbox 2286 1464 2350 1527; x_wconf 91' lang='lat' dir='ltr'>et</span> <span class='ocrx_word' id='word_1_134' title='bbox 2393 1462 2511 1526; x_wconf 89' lang='lat' dir='ltr'>duo</span> <span class='ocrx_word' id='word_1_135' title='bbox 2542 1481 2761 1527; x_wconf 90' lang='lat' dir='ltr'>manus</span> <span class='ocrx_word' id='word_1_136' title='bbox 2794 1464 3164 1529; x_wconf 89' lang='lat' dir='ltr'>electionum</span> 
     </span>
     <span class='ocr_line' id='line_1_14' title="bbox 443 1548 3161 1632; baseline 0.001 -19"><span class='ocrx_word' id='word_1_137' title='bbox 443 1550 507 1613; x_wconf 92' lang='lat' dir='ltr'>in</span> <span class='ocrx_word' id='word_1_138' title='bbox 548 1549 764 1615; x_wconf 90' lang='lat' dir='ltr'>maiori</span> <span class='ocrx_word' id='word_1_139' title='bbox 816 1551 1088 1615; x_wconf 88' lang='lat' dir='ltr'>consilio.</span> <span class='ocrx_word' id='word_1_140' title='bbox 1138 1550 1223 1613; x_wconf 86' lang='lat' dir='ltr'>Et</span> <span class='ocrx_word' id='word_1_141' title='bbox 1265 1549 1546 1614; x_wconf 89' lang='lat' dir='ltr'>decetero</span> <span class='ocrx_word' id='word_1_142' title='bbox 1593 1549 1649 1613; x_wconf 83' lang='lat' dir='ltr'>si</span> <span class='ocrx_word' id='word_1_143' title='bbox 1684 1551 1821 1631; x_wconf 91' lang='lat' dir='ltr'>quis</span> <span class='ocrx_word' id='word_1_144' title='bbox 1869 1548 2192 1628; x_wconf 86' lang='lat' dir='ltr'>defecerit,</span> <span class='ocrx_word' id='word_1_145' title='bbox 2242 1549 2398 1615; x_wconf 88' lang='lat' dir='ltr'>fiant</span> <span class='ocrx_word' id='word_1_146' title='bbox 2455 1569 2565 1632; x_wconf 92' lang='lat' dir='ltr'>per</span> <span class='ocrx_word' id='word_1_147' title='bbox 2620 1552 2881 1632; x_wconf 89' lang='lat' dir='ltr'>quatuor</span> <span class='ocrx_word' id='word_1_148' title='bbox 2942 1570 3161 1617; x_wconf 87' lang='lat' dir='ltr'>manus</span> 
     </span>
     <span class='ocr_line' id='line_1_15' title="bbox 440 1637 1402 1702; baseline 0 -1"><span class='ocrx_word' id='word_1_149' title='bbox 440 1637 806 1702; x_wconf 88' lang='lat' dir='ltr'>electionum</span> <span class='ocrx_word' id='word_1_150' title='bbox 855 1637 916 1700; x_wconf 94' lang='lat' dir='ltr'>in</span> <span class='ocrx_word' id='word_1_151' title='bbox 963 1638 1085 1702; x_wconf 90' lang='lat' dir='ltr'>isto</span> <span class='ocrx_word' id='word_1_152' title='bbox 1124 1638 1402 1701; x_wconf 91' lang='lat' dir='ltr'>consili0.</span> 
     </span>
    </p>

    <p class='ocr_par' dir='ltr' id='par_1_4' title="bbox 518 1724 2299 1803">
     <span class='ocr_line' id='line_1_16' title="bbox 518 1724 2299 1803; baseline -0.002 -14"><span class='ocrx_word' id='word_1_153' title='bbox 518 1727 751 1803; x_wconf 62' lang='lat' dir='ltr'>Maius</span> <span class='ocrx_word' id='word_1_154' title='bbox 777 1724 1124 1787; x_wconf 76' lang='lat' dir='ltr'>Consilium.</span> <span class='ocrx_word' id='word_1_155' title='bbox 1155 1728 1405 1788; x_wconf 82' lang='lat' dir='ltr'>Novella</span> <span class='ocrx_word' id='word_1_156' title='bbox 1452 1731 1552 1797; x_wconf 78' lang='lat'>44,</span> <span class='ocrx_word' id='word_1_157' title='bbox 1601 1745 1643 1787; x_wconf 79' lang='lat' dir='ltr'><em>u</em></span> <span class='ocrx_word' id='word_1_158' title='bbox 1687 1729 1906 1788; x_wconf 81' lang='lat' dir='ltr'>arkivu</span> <span class='ocrx_word' id='word_1_159' title='bbox 1941 1728 2299 1789; x_wconf 60' lang='lat' dir='ltr'>mletaclcom.</span> 
     </span>
    </p>
   </div>
   <div class='ocr_carea' id='block_1_3' title="bbox 559 1913 3031 2019">
    <p class='ocr_par' dir='ltr' id='par_1_5' title="bbox 559 1913 3031 2019">
     <span class='ocr_line' id='line_1_17' title="bbox 559 1913 3031 2019; baseline -0 -19"><span class='ocrx_word' id='word_1_160' title='bbox 559 1913 1377 2000; x_wconf 77' lang='lat' dir='ltr'>GGGCLXXXVIII.</span> <span class='ocrx_word' id='word_1_161' title='bbox 1456 1917 1663 1999; x_wconf 63' lang='lat' dir='ltr'>(iod.</span> <span class='ocrx_word' id='word_1_162' title='bbox 1711 1915 1947 2000; x_wconf 78' lang='lat'>1356.</span> <span class='ocrx_word' id='word_1_163' title='bbox 2006 1915 2107 2000; x_wconf 75' lang='lat'>29</span> <span class='ocrx_word' id='word_1_164' title='bbox 2165 1917 2473 2019; x_wconf 71' lang='lat' dir='ltr'>lipnja,</span> <span class='ocrx_word' id='word_1_165' title='bbox 2527 1938 2589 1997; x_wconf 89' lang='lat' dir='ltr'>u</span> <span class='ocrx_word' id='word_1_166' title='bbox 2644 1917 3031 1999; x_wconf 81' lang='lat' dir='ltr'>Mletcih.</span> 
     </span>
    </p>
   </div>
   <div class='ocr_carea' id='block_1_4' title="bbox 1128 2044 2466 2117">
    <p class='ocr_par' dir='ltr' id='par_1_6' title="bbox 1128 2044 2466 2117">
     <span class='ocr_line' id='line_1_18' title="bbox 1128 2044 2466 2117; baseline 0 -15"><span class='ocrx_word' id='word_1_167' title='bbox 1128 2044 1455 2117; x_wconf 77' lang='lat' dir='ltr'>Produljen</span> <span class='ocrx_word' id='word_1_168' title='bbox 1502 2045 1607 2104; x_wconf 82' lang='lat' dir='ltr'>rok</span> <span class='ocrx_word' id='word_1_169' title='bbox 1652 2044 2186 2117; x_wconf 61' lang='lat' dir='ltr'>sazffctovqjueemu</span> <span class='ocrx_word' id='word_1_170' title='bbox 2229 2044 2466 2103; x_wconf 77' lang='lat' dir='ltr'>odboru.</span> 
     </span>
    </p>
   </div>
   <div class='ocr_carea' id='block_1_5' title="bbox 431 2163 3160 2675">
    <p class='ocr_par' dir='ltr' id='par_1_7' title="bbox 431 2163 3160 2675">
     <span class='ocr_line' id='line_1_19' title="bbox 652 2163 3160 2247; baseline 0.001 -21"><span class='ocrx_word' id='word_1_171' title='bbox 652 2164 833 2228; x_wconf 86' lang='lat'>1356.</span> <span class='ocrx_word' id='word_1_172' title='bbox 885 2164 983 2228; x_wconf 90' lang='lat' dir='ltr'>die</span> <span class='ocrx_word' id='word_1_173' title='bbox 1030 2164 1377 2246; x_wconf 90' lang='lat' dir='ltr'>penultimo</span> <span class='ocrx_word' id='word_1_174' title='bbox 1423 2164 1597 2241; x_wconf 90' lang='lat' dir='ltr'>iunii,</span> <span class='ocrx_word' id='word_1_175' title='bbox 1650 2166 1871 2245; x_wconf 83' lang='lat' dir='ltr'>capta:</span> <span class='ocrx_word' id='word_1_176' title='bbox 1931 2166 2089 2247; x_wconf 88' lang='lat' dir='ltr'>quod</span> <span class='ocrx_word' id='word_1_177' title='bbox 2137 2163 2242 2229; x_wconf 89' lang='lat' dir='ltr'>isti</span> <span class='ocrx_word' id='word_1_178' title='bbox 2291 2164 2622 2245; x_wconf 86' lang='lat' dir='ltr'>sapientes,</span> <span class='ocrx_word' id='word_1_179' title='bbox 2663 2165 2765 2246; x_wconf 92' lang='lat' dir='ltr'>qui</span> <span class='ocrx_word' id='word_1_180' title='bbox 2813 2163 2963 2229; x_wconf 85' lang='lat' dir='ltr'>facti</span> <span class='ocrx_word' id='word_1_181' title='bbox 3014 2169 3160 2229; x_wconf 89' lang='lat' dir='ltr'>sunt</span> 
     </span>
     <span class='ocr_line' id='line_1_20' title="bbox 436 2251 3160 2334; baseline 0.001 -20"><span class='ocrx_word' id='word_1_182' title='bbox 436 2270 624 2334; x_wconf 88' lang='lat' dir='ltr'>usque</span> <span class='ocrx_word' id='word_1_183' title='bbox 672 2271 849 2329; x_wconf 89' lang='lat' dir='ltr'>nunc,</span> <span class='ocrx_word' id='word_1_184' title='bbox 900 2271 1017 2316; x_wconf 90' lang='lat' dir='ltr'>non</span> <span class='ocrx_word' id='word_1_185' title='bbox 1067 2251 1373 2329; x_wconf 88' lang='lat' dir='ltr'>obstante,</span> <span class='ocrx_word' id='word_1_186' title='bbox 1423 2252 1584 2333; x_wconf 88' lang='lat' dir='ltr'>quod</span> <span class='ocrx_word' id='word_1_187' title='bbox 1633 2270 1927 2315; x_wconf 89' lang='lat' dir='ltr'>numerus</span> <span class='ocrx_word' id='word_1_188' title='bbox 1975 2270 2094 2315; x_wconf 89' lang='lat' dir='ltr'>non</span> <span class='ocrx_word' id='word_1_189' title='bbox 2141 2252 2225 2315; x_wconf 90' lang='lat' dir='ltr'>sit</span> <span class='ocrx_word' id='word_1_190' title='bbox 2272 2252 2633 2333; x_wconf 83' lang='lat' dir='ltr'>completus,</span> <span class='ocrx_word' id='word_1_191' title='bbox 2675 2253 2918 2334; x_wconf 87' lang='lat' dir='ltr'>possint</span> <span class='ocrx_word' id='word_1_192' title='bbox 2962 2256 3026 2316; x_wconf 90' lang='lat' dir='ltr'>et</span> <span class='ocrx_word' id='word_1_193' title='bbox 3054 2255 3160 2318; x_wconf 89' lang='lat' dir='ltr'>de-</span> 
     </span>
     <span class='ocr_line' id='line_1_21' title="bbox 431 2338 3159 2422; baseline 0.001 -20"><span class='ocrx_word' id='word_1_194' title='bbox 431 2339 616 2403; x_wconf 87' lang='lat' dir='ltr'>beant</span> <span class='ocrx_word' id='word_1_195' title='bbox 663 2340 982 2404; x_wconf 87' lang='lat' dir='ltr'>convenire</span> <span class='ocrx_word' id='word_1_196' title='bbox 1033 2341 1097 2403; x_wconf 91' lang='lat' dir='ltr'>et</span> <span class='ocrx_word' id='word_1_197' title='bbox 1142 2339 1342 2403; x_wconf 86' lang='lat' dir='ltr'>facere</span> <span class='ocrx_word' id='word_1_198' title='bbox 1391 2357 1481 2417; x_wconf 90' lang='lat' dir='ltr'>ea,</span> <span class='ocrx_word' id='word_1_199' title='bbox 1533 2358 1649 2422; x_wconf 91' lang='lat' dir='ltr'>que</span> <span class='ocrx_word' id='word_1_200' title='bbox 1713 2338 1941 2402; x_wconf 84' lang='lat' dir='ltr'>fuerint</span> <span class='ocrx_word' id='word_1_201' title='bbox 2002 2339 2316 2416; x_wconf 86' lang='lat' dir='ltr'>facienda,</span> <span class='ocrx_word' id='word_1_202' title='bbox 2389 2339 2552 2404; x_wconf 90' lang='lat' dir='ltr'>sicut</span> <span class='ocrx_word' id='word_1_203' title='bbox 2596 2338 2647 2403; x_wconf 91' lang='lat' dir='ltr'>si</span> <span class='ocrx_word' id='word_1_204' title='bbox 2695 2342 2903 2404; x_wconf 90' lang='lat' dir='ltr'>essent</span> <span class='ocrx_word' id='word_1_205' title='bbox 2948 2359 3159 2405; x_wconf 89' lang='lat' dir='ltr'>omnes</span> 
     </span>
     <span class='ocr_line' id='line_1_22' title="bbox 437 2426 3154 2528; baseline 0.001 -39"><span class='ocrx_word' id='word_1_206' title='bbox 437 2426 606 2528; x_wconf 55' lang='lat' dir='ltr'>facti:</span> <span class='ocrx_word' id='word_1_207' title='bbox 637 2428 737 2527; x_wconf 37' lang='lat' dir='ltr'>&#39;Et</span> <span class='ocrx_word' id='word_1_208' title='bbox 782 2427 878 2491; x_wconf 91' lang='lat' dir='ltr'>illi</span> <span class='ocrx_word' id='word_1_209' title='bbox 925 2428 1063 2505; x_wconf 85' lang='lat' dir='ltr'>duc,</span> <span class='ocrx_word' id='word_1_210' title='bbox 1113 2428 1218 2510; x_wconf 92' lang='lat' dir='ltr'>qui</span> <span class='ocrx_word' id='word_1_211' title='bbox 1265 2428 1503 2491; x_wconf 83' lang='lat' dir='ltr'>restant</span> <span class='ocrx_word' id='word_1_212' title='bbox 1548 2426 1705 2504; x_wconf 91' lang='lat' dir='ltr'>fieri,</span> <span class='ocrx_word' id='word_1_213' title='bbox 1756 2427 1910 2491; x_wconf 86' lang='lat' dir='ltr'>fiant</span> <span class='ocrx_word' id='word_1_214' title='bbox 1954 2446 2063 2509; x_wconf 88' lang='lat' dir='ltr'>per</span> <span class='ocrx_word' id='word_1_215' title='bbox 2111 2427 2198 2492; x_wconf 92' lang='lat' dir='ltr'>IV</span> <span class='ocrx_word' id='word_1_216' title='bbox 2246 2446 2466 2491; x_wconf 88' lang='lat' dir='ltr'>manus</span> <span class='ocrx_word' id='word_1_217' title='bbox 2515 2428 2904 2492; x_wconf 87' lang='lat' dir='ltr'>electionum.</span> <span class='ocrx_word' id='word_1_218' title='bbox 2972 2428 3057 2491; x_wconf 87' lang='lat' dir='ltr'>Et</span> <span class='ocrx_word' id='word_1_219' title='bbox 3101 2429 3154 2492; x_wconf 93' lang='lat' dir='ltr'>si</span> 
     </span>
     <span class='ocr_line' id='line_1_23' title="bbox 438 2515 2302 2675; baseline -0.001 -11"><span class='ocrx_word' id='word_1_220' title='bbox 438 2515 1104 2667; x_wconf 45' lang='lat' dir='ltr'>coffgiggncgfgilium.</span> <span class='ocrx_word' id='word_1_221' title='bbox 1152 2605 1402 2666; x_wconf 81' lang='lat' dir='ltr'>Novella</span> <span class='ocrx_word' id='word_1_222' title='bbox 1450 2609 1550 2675; x_wconf 75' lang='lat'>44,</span> <span class='ocrx_word' id='word_1_223' title='bbox 1597 2622 1637 2664; x_wconf 83' lang='lat' dir='ltr'><strong><em>u</em></strong></span> <span class='ocrx_word' id='word_1_224' title='bbox 1682 2605 2024 2666; x_wconf 64' lang='lat' dir='ltr'>mletabkom</span> <span class='ocrx_word' id='word_1_225' title='bbox 2072 2606 2302 2665; x_wconf 80' lang='lat' dir='ltr'>arkivu.</span> 
     </span>
    </p>
   </div>
   <div class='ocr_carea' id='block_1_6' title="bbox 535 2789 3050 2895">
    <p class='ocr_par' dir='ltr' id='par_1_8' title="bbox 535 2789 3050 2895">
     <span class='ocr_line' id='line_1_24' title="bbox 535 2789 3050 2895; baseline -0.001 -19"><span class='ocrx_word' id='word_1_226' title='bbox 535 2791 1281 2876; x_wconf 81' lang='lat' dir='ltr'>CCCCLXXXIX.</span> <span class='ocrx_word' id='word_1_227' title='bbox 1340 2794 1545 2877; x_wconf 79' lang='lat' dir='ltr'>God.</span> <span class='ocrx_word' id='word_1_228' title='bbox 1596 2793 1823 2877; x_wconf 76' lang='lat'>1356.</span> <span class='ocrx_word' id='word_1_229' title='bbox 1883 2793 1971 2874; x_wconf 74' lang='lat'>17</span> <span class='ocrx_word' id='word_1_230' title='bbox 2027 2795 2350 2895; x_wconf 81' lang='lat' dir='ltr'>srpnja,</span> <span class='ocrx_word' id='word_1_231' title='bbox 2404 2814 2466 2873; x_wconf 90' lang='lat' dir='ltr'>u</span> <span class='ocrx_word' id='word_1_232' title='bbox 2525 2793 2766 2875; x_wconf 78' lang='lat' dir='ltr'>villa</span> <span class='ocrx_word' id='word_1_233' title='bbox 2801 2789 3050 2875; x_wconf 83' lang='lat' dir='ltr'>nova.</span> 
     </span>
    </p>
   </div>
   <div class='ocr_carea' id='block_1_7' title="bbox 427 2918 3157 3171">
    <p class='ocr_par' dir='ltr' id='par_1_9' title="bbox 427 2918 3157 3171">
     <span class='ocr_line' id='line_1_25' title="bbox 427 2918 3153 2996; baseline 0 -17"><span class='ocrx_word' id='word_1_234' title='bbox 427 2921 601 2994; x_wconf 79' lang='lat' dir='ltr'>Papa</span> <span class='ocrx_word' id='word_1_235' title='bbox 642 2938 948 2996; x_wconf 73' lang='lat' dir='ltr'>naqovara</span> <span class='ocrx_word' id='word_1_236' title='bbox 993 2919 1310 2991; x_wconf 64' lang='lat' dir='ltr'>Mletdanc,</span> <span class='ocrx_word' id='word_1_237' title='bbox 1356 2922 1509 2980; x_wconf 73' lang='lat' dir='ltr'>nelca</span> <span class='ocrx_word' id='word_1_238' title='bbox 1554 2938 1614 2980; x_wconf 84' lang='lat' dir='ltr'>se</span> <span class='ocrx_word' id='word_1_239' title='bbox 1659 2920 1880 2980; x_wconf 78' lang='lat' dir='ltr'>odreku</span> <span class='ocrx_word' id='word_1_240' title='bbox 1904 2936 2132 2996; x_wconf 67' lang='lat' dir='ltr'>savem,</span> <span class='ocrx_word' id='word_1_241' title='bbox 2181 2936 2213 2977; x_wconf 89' lang='lat'><em>0</em></span> <span class='ocrx_word' id='word_1_242' title='bbox 2261 2918 2390 2977; x_wconf 81' lang='lat' dir='ltr'>kom</span> <span class='ocrx_word' id='word_1_243' title='bbox 2435 2936 2496 2978; x_wconf 83' lang='lat' dir='ltr'>se</span> <span class='ocrx_word' id='word_1_244' title='bbox 2523 2920 2798 2994; x_wconf 72' lang='lat' dir='ltr'>yovorilc),</span> <span class='ocrx_word' id='word_1_245' title='bbox 2846 2920 2927 2978; x_wconf 81' lang='lat' dir='ltr'>da</span> <span class='ocrx_word' id='word_1_246' title='bbox 2972 2937 3044 2978; x_wconf 84' lang='lat' dir='ltr'>su</span> <span class='ocrx_word' id='word_1_247' title='bbox 3071 2939 3153 2995; x_wconf 72' lang='lat' dir='ltr'>qa</span> 
     </span>
     <span class='ocr_line' id='line_1_26' title="bbox 430 3007 3157 3083; baseline 0 -16"><span class='ocrx_word' id='word_1_248' title='bbox 430 3009 665 3083; x_wconf 73' lang='lat' dir='ltr'>sklopili</span> <span class='ocrx_word' id='word_1_249' title='bbox 709 3025 780 3068; x_wconf 83' lang='lat' dir='ltr'>sa</span> <span class='ocrx_word' id='word_1_250' title='bbox 827 3009 1081 3068; x_wconf 80' lang='lat' dir='ltr'>srbskim</span> <span class='ocrx_word' id='word_1_251' title='bbox 1120 3009 1367 3082; x_wconf 62' lang='lat' dir='ltr'>krahem</span> <span class='ocrx_word' id='word_1_252' title='bbox 1410 3009 1572 3082; x_wconf 73' lang='lat' dir='ltr'>prot-i</span> <span class='ocrx_word' id='word_1_253' title='bbox 1617 3009 1993 3082; x_wconf 74' lang='lat' dir='ltr'>uyarskomu‚</span> <span class='ocrx_word' id='word_1_254' title='bbox 2044 3008 2308 3082; x_wconf 58' lang='lat' dir='ltr'>druqcvgje</span> <span class='ocrx_word' id='word_1_255' title='bbox 2350 3007 2431 3064; x_wconf 81' lang='lat' dir='ltr'>da</span> <span class='ocrx_word' id='word_1_256' title='bbox 2469 3024 2549 3081; x_wconf 70' lang='lat' dir='ltr'>qa</span> <span class='ocrx_word' id='word_1_257' title='bbox 2595 3025 2669 3064; x_wconf 83' lang='lat' dir='ltr'>on</span> <span class='ocrx_word' id='word_1_258' title='bbox 2715 3023 2789 3066; x_wconf 74' lang='lat' dir='ltr'>za</span> <span class='ocrx_word' id='word_1_259' title='bbox 2833 3009 3157 3081; x_wconf 75' lang='lat' dir='ltr'>nevaljana</span> 
     </span>
     <span class='ocr_line' id='line_1_27' title="bbox 1399 3096 2181 3171; baseline 0 -17"><span class='ocrx_word' id='word_1_260' title='bbox 1399 3097 1741 3171; x_wconf 73' lang='lat' dir='ltr'>proqlasuje</span> <span class='ocrx_word' id='word_1_261' title='bbox 1781 3097 1806 3153; x_wconf 77' lang='lat' dir='ltr'>i</span> <span class='ocrx_word' id='word_1_262' title='bbox 1852 3096 2181 3168; x_wconf 67' lang='lat' dir='ltr'>odsucljzcje.</span> 
     </span>
    </p>
   </div>
   <div class='ocr_carea' id='block_1_8' title="bbox 422 3214 3154 4787">
    <p class='ocr_par' dir='ltr' id='par_1_10' title="bbox 422 3214 3154 4787">
     <span class='ocr_line' id='line_1_28' title="bbox 634 3214 3154 3299; baseline 0.001 -19"><span class='ocrx_word' id='word_1_263' title='bbox 634 3216 1002 3299; x_wconf 78' lang='lat' dir='ltr'>Exemplum</span> <span class='ocrx_word' id='word_1_264' title='bbox 1050 3220 1429 3299; x_wconf 89' lang='lat' dir='ltr'>quarundam</span> <span class='ocrx_word' id='word_1_265' title='bbox 1497 3218 1852 3281; x_wconf 86' lang='lat' dir='ltr'>litterarum</span> <span class='ocrx_word' id='word_1_266' title='bbox 1914 3215 2247 3298; x_wconf 88' lang='lat' dir='ltr'>papalium,</span> <span class='ocrx_word' id='word_1_267' title='bbox 2299 3215 2747 3280; x_wconf 87' lang='lat' dir='ltr'>destinatarum</span> <span class='ocrx_word' id='word_1_268' title='bbox 2794 3214 3000 3281; x_wconf 88' lang='lat' dir='ltr'>ducali</span> <span class='ocrx_word' id='word_1_269' title='bbox 3048 3218 3154 3282; x_wconf 90' lang='lat' dir='ltr'>do-</span> 
     </span>
     <span class='ocr_line' id='line_1_29' title="bbox 428 3303 3150 3386; baseline 0 -18"><span class='ocrx_word' id='word_1_270' title='bbox 428 3306 618 3369; x_wconf 89' lang='lat' dir='ltr'>minio</span> <span class='ocrx_word' id='word_1_271' title='bbox 665 3323 774 3386; x_wconf 88' lang='lat' dir='ltr'>pro</span> <span class='ocrx_word' id='word_1_272' title='bbox 846 3304 1030 3384; x_wconf 84' lang='lat' dir='ltr'>factis</span> <span class='ocrx_word' id='word_1_273' title='bbox 1104 3304 1268 3386; x_wconf 88' lang='lat' dir='ltr'>regis</span> <span class='ocrx_word' id='word_1_274' title='bbox 1334 3305 1670 3385; x_wconf 85' lang='lat' dir='ltr'>Hungarie.</span> <span class='ocrx_word' id='word_1_275' title='bbox 1746 3303 2138 3367; x_wconf 79' lang='lat' dir='ltr'>Innocentius</span> <span class='ocrx_word' id='word_1_276' title='bbox 2202 3304 2519 3385; x_wconf 89' lang='lat' dir='ltr'>episcopus</span> <span class='ocrx_word' id='word_1_277' title='bbox 2575 3322 2787 3368; x_wconf 87' lang='lat' dir='ltr'>servus</span> <span class='ocrx_word' id='word_1_278' title='bbox 2837 3323 3150 3368; x_wconf 89' lang='lat' dir='ltr'>servorum</span> 
     </span>
     <span class='ocr_line' id='line_1_30' title="bbox 428 3389 3152 3456; baseline 0 -1"><span class='ocrx_word' id='word_1_279' title='bbox 428 3393 542 3456; x_wconf 91' lang='lat' dir='ltr'>dei.</span> <span class='ocrx_word' id='word_1_280' title='bbox 596 3392 841 3456; x_wconf 88' lang='lat' dir='ltr'>Dilecto</span> <span class='ocrx_word' id='word_1_281' title='bbox 888 3391 1015 3456; x_wconf 92' lang='lat' dir='ltr'>filio</span> <span class='ocrx_word' id='word_1_282' title='bbox 1064 3392 1255 3455; x_wconf 90' lang='lat' dir='ltr'>nobili</span> <span class='ocrx_word' id='word_1_283' title='bbox 1305 3392 1435 3455; x_wconf 88' lang='lat' dir='ltr'>viro</span> <span class='ocrx_word' id='word_1_284' title='bbox 1490 3392 1758 3456; x_wconf 88' lang='lat' dir='ltr'>Johanni</span> <span class='ocrx_word' id='word_1_285' title='bbox 1808 3390 2154 3455; x_wconf 86' lang='lat' dir='ltr'>Gradonico</span> <span class='ocrx_word' id='word_1_286' title='bbox 2220 3389 2360 3454; x_wconf 88' lang='lat' dir='ltr'>duci</span> <span class='ocrx_word' id='word_1_287' title='bbox 2410 3392 2816 3455; x_wconf 89' lang='lat' dir='ltr'>Veneciarum</span> <span class='ocrx_word' id='word_1_288' title='bbox 2881 3392 3152 3456; x_wconf 89' lang='lat' dir='ltr'>salutem</span> 
     </span>
     <span class='ocr_line' id='line_1_31' title="bbox 427 3477 3150 3561; baseline 0 -18"><span class='ocrx_word' id='word_1_289' title='bbox 427 3482 489 3544; x_wconf 89' lang='lat' dir='ltr'>et</span> <span class='ocrx_word' id='word_1_290' title='bbox 534 3480 945 3560; x_wconf 84' lang='lat' dir='ltr'>apostolicam</span> <span class='ocrx_word' id='word_1_291' title='bbox 995 3479 1508 3545; x_wconf 90' lang='lat' dir='ltr'>benedictionem.</span> <span class='ocrx_word' id='word_1_292' title='bbox 1558 3478 1656 3542; x_wconf 88' lang='lat' dir='ltr'>Ad</span> <span class='ocrx_word' id='word_1_293' title='bbox 1705 3477 2089 3542; x_wconf 88' lang='lat' dir='ltr'>audientiam</span> <span class='ocrx_word' id='word_1_294' title='bbox 2152 3481 2428 3542; x_wconf 90' lang='lat' dir='ltr'>nostram</span> <span class='ocrx_word' id='word_1_295' title='bbox 2492 3479 2808 3559; x_wconf 88' lang='lat' dir='ltr'>pervenit,</span> <span class='ocrx_word' id='word_1_296' title='bbox 2875 3480 3032 3561; x_wconf 90' lang='lat' dir='ltr'>quod</span> <span class='ocrx_word' id='word_1_297' title='bbox 3082 3482 3150 3543; x_wconf 92' lang='lat' dir='ltr'>tu</span> 
     </span>
     <span class='ocr_line' id='line_1_32' title="bbox 428 3564 3146 3631; baseline -0 0"><span class='ocrx_word' id='word_1_298' title='bbox 428 3570 490 3631; x_wconf 91' lang='lat' dir='ltr'>et</span> <span class='ocrx_word' id='word_1_299' title='bbox 537 3567 752 3631; x_wconf 87' lang='lat' dir='ltr'>dilecti</span> <span class='ocrx_word' id='word_1_300' title='bbox 799 3566 912 3631; x_wconf 89' lang='lat' dir='ltr'>filii</span> <span class='ocrx_word' id='word_1_301' title='bbox 963 3586 1287 3631; x_wconf 90' lang='lat' dir='ltr'>commune</span> <span class='ocrx_word' id='word_1_302' title='bbox 1336 3567 1738 3630; x_wconf 86' lang='lat' dir='ltr'>Veneciarum</span> <span class='ocrx_word' id='word_1_303' title='bbox 1788 3584 1928 3629; x_wconf 88' lang='lat' dir='ltr'>cum</span> <span class='ocrx_word' id='word_1_304' title='bbox 1976 3565 2071 3628; x_wconf 91' lang='lat' dir='ltr'>dei</span> <span class='ocrx_word' id='word_1_305' title='bbox 2114 3567 2177 3628; x_wconf 92' lang='lat' dir='ltr'>et</span> <span class='ocrx_word' id='word_1_306' title='bbox 2237 3564 2378 3628; x_wconf 90' lang='lat' dir='ltr'>fidei</span> <span class='ocrx_word' id='word_1_307' title='bbox 2426 3566 2722 3629; x_wconf 83' lang='lat' dir='ltr'>catholice</span> <span class='ocrx_word' id='word_1_308' title='bbox 2770 3567 3037 3631; x_wconf 87' lang='lat' dir='ltr'>inimicis</span> <span class='ocrx_word' id='word_1_309' title='bbox 3084 3571 3146 3630; x_wconf 89' lang='lat' dir='ltr'>et</span> 
     </span>
     <span class='ocr_line' id='line_1_33' title="bbox 430 3652 3144 3737; baseline -0.001 -19"><span class='ocrx_word' id='word_1_310' title='bbox 430 3655 730 3731; x_wconf 80' lang='lat' dir='ltr'>hostibuS,</span> <span class='ocrx_word' id='word_1_311' title='bbox 781 3672 924 3735; x_wconf 86' lang='lat' dir='ltr'>rege</span> <span class='ocrx_word' id='word_1_312' title='bbox 970 3655 1233 3737; x_wconf 88' lang='lat' dir='ltr'>aliisque</span> <span class='ocrx_word' id='word_1_313' title='bbox 1272 3653 1651 3718; x_wconf 86' lang='lat' dir='ltr'>Rasensibus</span> <span class='ocrx_word' id='word_1_314' title='bbox 1698 3653 2038 3717; x_wconf 87' lang='lat' dir='ltr'>sismaticis</span> <span class='ocrx_word' id='word_1_315' title='bbox 2084 3656 2148 3716; x_wconf 92' lang='lat' dir='ltr'>et</span> <span class='ocrx_word' id='word_1_316' title='bbox 2193 3654 2482 3717; x_wconf 87' lang='lat' dir='ltr'>hereticis</span> <span class='ocrx_word' id='word_1_317' title='bbox 2532 3652 2877 3717; x_wconf 83' lang='lat' dir='ltr'>manifestis</span> <span class='ocrx_word' id='word_1_318' title='bbox 2941 3653 3144 3718; x_wconf 87' lang='lat' dir='ltr'>confe-</span> 
     </span>
     <span class='ocr_line' id='line_1_34' title="bbox 432 3740 3144 3823; baseline 0 -19"><span class='ocrx_word' id='word_1_319' title='bbox 432 3741 808 3807; x_wconf 87' lang='lat' dir='ltr'>derationem</span> <span class='ocrx_word' id='word_1_320' title='bbox 859 3742 1063 3806; x_wconf 89' lang='lat' dir='ltr'>inistis</span> <span class='ocrx_word' id='word_1_321' title='bbox 1111 3745 1175 3806; x_wconf 88' lang='lat' dir='ltr'>ct</span> <span class='ocrx_word' id='word_1_322' title='bbox 1217 3742 1429 3823; x_wconf 86' lang='lat' dir='ltr'>ligam,</span> <span class='ocrx_word' id='word_1_323' title='bbox 1473 3740 1770 3821; x_wconf 88' lang='lat' dir='ltr'>illamque</span> <span class='ocrx_word' id='word_1_324' title='bbox 1832 3740 2162 3804; x_wconf 88' lang='lat' dir='ltr'>iuramenti</span> <span class='ocrx_word' id='word_1_325' title='bbox 2227 3740 2801 3821; x_wconf 85' lang='lat' dir='ltr'>interpositionibus</span> <span class='ocrx_word' id='word_1_326' title='bbox 2852 3742 2915 3804; x_wconf 89' lang='lat' dir='ltr'>et</span> <span class='ocrx_word' id='word_1_327' title='bbox 2960 3760 3144 3821; x_wconf 87' lang='lat' dir='ltr'>pena·</span> 
     </span>
     <span class='ocr_line' id='line_1_35' title="bbox 426 3827 3149 3906; baseline 0 -14"><span class='ocrx_word' id='word_1_328' title='bbox 426 3848 561 3893; x_wconf 86' lang='lat' dir='ltr'>rum</span> <span class='ocrx_word' id='word_1_329' title='bbox 612 3829 1053 3894; x_wconf 88' lang='lat' dir='ltr'>adiectionibus</span> <span class='ocrx_word' id='word_1_330' title='bbox 1117 3829 1472 3893; x_wconf 84' lang='lat' dir='ltr'>roborastis.</span> <span class='ocrx_word' id='word_1_331' title='bbox 1544 3827 1717 3906; x_wconf 85' lang='lat' dir='ltr'>Quod</span> <span class='ocrx_word' id='word_1_332' title='bbox 1780 3828 1928 3893; x_wconf 91' lang='lat' dir='ltr'>licet</span> <span class='ocrx_word' id='word_1_333' title='bbox 1988 3829 2232 3891; x_wconf 87' lang='lat' dir='ltr'>attenta</span> <span class='ocrx_word' id='word_1_334' title='bbox 2293 3827 2647 3892; x_wconf 83' lang='lat' dir='ltr'>sinceritate</span> <span class='ocrx_word' id='word_1_335' title='bbox 2695 3827 3035 3892; x_wconf 86' lang='lat' dir='ltr'>devotionis</span> <span class='ocrx_word' id='word_1_336' title='bbox 3086 3831 3149 3892; x_wconf 92' lang='lat' dir='ltr'>et</span> 
     </span>
     <span class='ocr_line' id='line_1_36' title="bbox 422 3914 3149 4000; baseline 0 -20"><span class='ocrx_word' id='word_1_337' title='bbox 422 3917 581 3994; x_wconf 91' lang='lat' dir='ltr'>fidei,</span> <span class='ocrx_word' id='word_1_338' title='bbox 632 3936 819 4000; x_wconf 89' lang='lat' dir='ltr'>qnam</span> <span class='ocrx_word' id='word_1_339' title='bbox 865 3920 934 3981; x_wconf 89' lang='lat' dir='ltr'>tu</span> <span class='ocrx_word' id='word_1_340' title='bbox 983 3921 1048 3981; x_wconf 90' lang='lat' dir='ltr'>et</span> <span class='ocrx_word' id='word_1_341' title='bbox 1092 3917 1245 3981; x_wconf 90' lang='lat' dir='ltr'>dicti</span> <span class='ocrx_word' id='word_1_342' title='bbox 1282 3935 1606 3981; x_wconf 89' lang='lat' dir='ltr'>commune</span> <span class='ocrx_word' id='word_1_343' title='bbox 1653 3934 1897 3998; x_wconf 89' lang='lat' dir='ltr'>semper</span> <span class='ocrx_word' id='word_1_344' title='bbox 1944 3915 2021 3978; x_wconf 91' lang='lat' dir='ltr'>ad</span> <span class='ocrx_word' id='word_1_345' title='bbox 2068 3914 2272 3991; x_wconf 90' lang='lat' dir='ltr'>deum,</span> <span class='ocrx_word' id='word_1_346' title='bbox 2328 3916 2432 3996; x_wconf 91' lang='lat' dir='ltr'>qui</span> <span class='ocrx_word' id='word_1_347' title='bbox 2479 3915 2750 3979; x_wconf 91' lang='lat' dir='ltr'>eiusdem</span> <span class='ocrx_word' id='word_1_348' title='bbox 2793 3914 2935 3978; x_wconf 90' lang='lat' dir='ltr'>fidei</span> <span class='ocrx_word' id='word_1_349' title='bbox 2976 3917 3149 3980; x_wconf 87' lang='lat' dir='ltr'>actor</span> 
     </span>
     <span class='ocr_line' id='line_1_37' title="bbox 425 4002 3149 4086; baseline -0 -19"><span class='ocrx_word' id='word_1_350' title='bbox 425 4006 487 4067; x_wconf 87' lang='lat' dir='ltr'>at</span> <span class='ocrx_word' id='word_1_351' title='bbox 528 4004 725 4086; x_wconf 88' lang='lat' dir='ltr'>capud</span> <span class='ocrx_word' id='word_1_352' title='bbox 774 4005 888 4081; x_wconf 85' lang='lat' dir='ltr'>est,</span> <span class='ocrx_word' id='word_1_353' title='bbox 938 4005 1261 4082; x_wconf 81' lang='lat' dir='ltr'>habuistiS,</span> <span class='ocrx_word' id='word_1_354' title='bbox 1310 4003 1556 4069; x_wconf 87' lang='lat' dir='ltr'>credere</span> <span class='ocrx_word' id='word_1_355' title='bbox 1604 4003 1782 4068; x_wconf 89' lang='lat' dir='ltr'>facile</span> <span class='ocrx_word' id='word_1_356' title='bbox 1816 4022 1933 4066; x_wconf 93' lang='lat' dir='ltr'>non</span> <span class='ocrx_word' id='word_1_357' title='bbox 1969 4003 2264 4085; x_wconf 80' lang='lat' dir='ltr'>posimu8,</span> <span class='ocrx_word' id='word_1_358' title='bbox 2304 4004 2514 4067; x_wconf 89' lang='lat' dir='ltr'>tamen</span> <span class='ocrx_word' id='word_1_359' title='bbox 2562 4003 2688 4066; x_wconf 91' lang='lat' dir='ltr'>tuis</span> <span class='ocrx_word' id='word_1_360' title='bbox 2736 4003 2798 4066; x_wconf 89' lang='lat' dir='ltr'>et</span> <span class='ocrx_word' id='word_1_361' title='bbox 2843 4002 3149 4066; x_wconf 90' lang='lat' dir='ltr'>dictorum</span> 
     </span>
     <span class='ocr_line' id='line_1_38' title="bbox 423 4090 3144 4174; baseline -0.001 -19"><span class='ocrx_word' id='word_1_362' title='bbox 423 4093 768 4156; x_wconf 88' lang='lat' dir='ltr'>communis</span> <span class='ocrx_word' id='word_1_363' title='bbox 817 4110 999 4174; x_wconf 89' lang='lat' dir='ltr'>super</span> <span class='ocrx_word' id='word_1_364' title='bbox 1045 4093 1162 4156; x_wconf 90' lang='lat' dir='ltr'>hoc</span> <span class='ocrx_word' id='word_1_365' title='bbox 1193 4092 1356 4156; x_wconf 85' lang='lat' dir='ltr'>fame</span> <span class='ocrx_word' id='word_1_366' title='bbox 1404 4093 1468 4156; x_wconf 90' lang='lat' dir='ltr'>et</span> <span class='ocrx_word' id='word_1_367' title='bbox 1514 4091 1703 4155; x_wconf 86' lang='lat' dir='ltr'>saluti</span> <span class='ocrx_word' id='word_1_368' title='bbox 1741 4090 2058 4156; x_wconf 89' lang='lat' dir='ltr'>consulere</span> <span class='ocrx_word' id='word_1_369' title='bbox 2100 4091 2357 4172; x_wconf 86' lang='lat' dir='ltr'>paterna</span> <span class='ocrx_word' id='word_1_370' title='bbox 2388 4091 2775 4154; x_wconf 87' lang='lat' dir='ltr'>solicitudine</span> <span class='ocrx_word' id='word_1_371' title='bbox 2808 4090 3144 4171; x_wconf 75' lang='lat' dir='ltr'>cupienteS,</span> 
     </span>
     <span class='ocr_line' id='line_1_39' title="bbox 422 4177 3145 4262; baseline 0 -20"><span class='ocrx_word' id='word_1_372' title='bbox 422 4180 487 4242; x_wconf 90' lang='lat' dir='ltr'>et</span> <span class='ocrx_word' id='word_1_373' title='bbox 530 4179 944 4258; x_wconf 87' lang='lat' dir='ltr'>attendentes,</span> <span class='ocrx_word' id='word_1_374' title='bbox 995 4181 1155 4262; x_wconf 91' lang='lat' dir='ltr'>quod</span> <span class='ocrx_word' id='word_1_375' title='bbox 1201 4179 1555 4244; x_wconf 91' lang='lat' dir='ltr'>huiusmodi</span> <span class='ocrx_word' id='word_1_376' title='bbox 1602 4178 1732 4261; x_wconf 87' lang='lat' dir='ltr'>liga</span> <span class='ocrx_word' id='word_1_377' title='bbox 1778 4179 1940 4242; x_wconf 89' lang='lat' dir='ltr'>inter</span> <span class='ocrx_word' id='word_1_378' title='bbox 1986 4177 2378 4242; x_wconf 89' lang='lat' dir='ltr'>carissimum</span> <span class='ocrx_word' id='word_1_379' title='bbox 2427 4179 2487 4242; x_wconf 92' lang='lat' dir='ltr'>in</span> <span class='ocrx_word' id='word_1_380' title='bbox 2528 4177 2760 4241; x_wconf 87' lang='lat' dir='ltr'>christo</span> <span class='ocrx_word' id='word_1_381' title='bbox 2805 4177 3004 4242; x_wconf 89' lang='lat' dir='ltr'>filium</span> <span class='ocrx_word' id='word_1_382' title='bbox 3037 4197 3145 4242; x_wconf 90' lang='lat' dir='ltr'>no-</span> 
     </span>
     <span class='ocr_line' id='line_1_40' title="bbox 423 4265 3143 4349; baseline 0 -20"><span class='ocrx_word' id='word_1_383' title='bbox 423 4269 621 4330; x_wconf 87' lang='lat' dir='ltr'>strum</span> <span class='ocrx_word' id='word_1_384' title='bbox 668 4267 1052 4334; x_wconf 85' lang='lat' dir='ltr'>Ludovicum</span> <span class='ocrx_word' id='word_1_385' title='bbox 1102 4286 1309 4349; x_wconf 89' lang='lat' dir='ltr'>regem</span> <span class='ocrx_word' id='word_1_386' title='bbox 1359 4267 1677 4349; x_wconf 84' lang='lat' dir='ltr'>Hungarie</span> <span class='ocrx_word' id='word_1_387' title='bbox 1724 4265 2054 4342; x_wconf 85' lang='lat' dir='ltr'>illustrem,</span> <span class='ocrx_word' id='word_1_388' title='bbox 2105 4265 2208 4347; x_wconf 89' lang='lat' dir='ltr'>qui</span> <span class='ocrx_word' id='word_1_389' title='bbox 2255 4265 2563 4329; x_wconf 89' lang='lat' dir='ltr'>Rasenses</span> <span class='ocrx_word' id='word_1_390' title='bbox 2626 4266 2869 4328; x_wconf 89' lang='lat' dir='ltr'>eosdem</span> <span class='ocrx_word' id='word_1_391' title='bbox 2919 4265 2996 4329; x_wconf 88' lang='lat' dir='ltr'>ad</span> <span class='ocrx_word' id='word_1_392' title='bbox 3044 4285 3143 4329; x_wconf 85' lang='lat' dir='ltr'>ex-</span> 
     </span>
     <span class='ocr_line' id='line_1_41' title="bbox 422 4352 3147 4436; baseline 0 -20"><span class='ocrx_word' id='word_1_393' title='bbox 422 4354 774 4435; x_wconf 88' lang='lat' dir='ltr'>tirpandum</span> <span class='ocrx_word' id='word_1_394' title='bbox 823 4356 898 4419; x_wconf 91' lang='lat' dir='ltr'>de</span> <span class='ocrx_word' id='word_1_395' title='bbox 948 4354 1231 4436; x_wconf 87' lang='lat' dir='ltr'>partibus</span> <span class='ocrx_word' id='word_1_396' title='bbox 1280 4354 1407 4419; x_wconf 88' lang='lat' dir='ltr'>illis</span> <span class='ocrx_word' id='word_1_397' title='bbox 1456 4355 1826 4436; x_wconf 86' lang='lat' dir='ltr'>pravitatem</span> <span class='ocrx_word' id='word_1_398' title='bbox 1870 4352 2203 4417; x_wconf 85' lang='lat' dir='ltr'>hereticam</span> <span class='ocrx_word' id='word_1_399' title='bbox 2230 4352 2474 4417; x_wconf 88' lang='lat' dir='ltr'>favente</span> <span class='ocrx_word' id='word_1_400' title='bbox 2523 4352 2770 4415; x_wconf 91' lang='lat' dir='ltr'>domino</span> <span class='ocrx_word' id='word_1_401' title='bbox 2801 4372 3147 4436; x_wconf 82' lang='lat' dir='ltr'>expugnare</span> 
     </span>
     <span class='ocr_line' id='line_1_42' title="bbox 425 4440 3146 4523; baseline 0 -19"><span class='ocrx_word' id='word_1_402' title='bbox 425 4442 723 4523; x_wconf 86' lang='lat' dir='ltr'>proponit,</span> <span class='ocrx_word' id='word_1_403' title='bbox 774 4447 837 4506; x_wconf 89' lang='lat' dir='ltr'>et</span> <span class='ocrx_word' id='word_1_404' title='bbox 881 4444 942 4507; x_wconf 90' lang='lat' dir='ltr'>te</span> <span class='ocrx_word' id='word_1_405' title='bbox 990 4442 1256 4507; x_wconf 85' lang='lat' dir='ltr'>invicem</span> <span class='ocrx_word' id='word_1_406' title='bbox 1302 4441 1659 4519; x_wconf 88' lang='lat' dir='ltr'>disidentes,</span> <span class='ocrx_word' id='word_1_407' title='bbox 1725 4441 1799 4505; x_wconf 83' lang='lat' dir='ltr'>ad</span> <span class='ocrx_word' id='word_1_408' title='bbox 1848 4459 2103 4522; x_wconf 88' lang='lat' dir='ltr'>quorum</span> <span class='ocrx_word' id='word_1_409' title='bbox 2168 4458 2382 4521; x_wconf 84' lang='lat' dir='ltr'>pacem</span> <span class='ocrx_word' id='word_1_410' title='bbox 2449 4440 2899 4522; x_wconf 88' lang='lat' dir='ltr'>procurandam</span> <span class='ocrx_word' id='word_1_411' title='bbox 2964 4441 3146 4504; x_wconf 88' lang='lat' dir='ltr'>eniti-</span> 
     </span>
     <span class='ocr_line' id='line_1_43' title="bbox 425 4527 3147 4610; baseline -0 -19"><span class='ocrx_word' id='word_1_412' title='bbox 425 4547 583 4605; x_wconf 77' lang='lat' dir='ltr'>muS,</span> <span class='ocrx_word' id='word_1_413' title='bbox 633 4529 1033 4594; x_wconf 90' lang='lat' dir='ltr'>seminarium</span> <span class='ocrx_word' id='word_1_414' title='bbox 1086 4528 1336 4593; x_wconf 89' lang='lat' dir='ltr'>maioris</span> <span class='ocrx_word' id='word_1_415' title='bbox 1387 4528 1591 4592; x_wconf 81' lang='lat' dir='ltr'>disidii</span> <span class='ocrx_word' id='word_1_416' title='bbox 1645 4546 1781 4592; x_wconf 87' lang='lat' dir='ltr'>esse</span> <span class='ocrx_word' id='word_1_417' title='bbox 1829 4528 2054 4610; x_wconf 88' lang='lat' dir='ltr'>posset,</span> <span class='ocrx_word' id='word_1_418' title='bbox 2104 4527 2498 4591; x_wconf 90' lang='lat' dir='ltr'>nobilitatem</span> <span class='ocrx_word' id='word_1_419' title='bbox 2547 4529 2716 4591; x_wconf 87' lang='lat' dir='ltr'>tuam</span> <span class='ocrx_word' id='word_1_420' title='bbox 2766 4528 3003 4592; x_wconf 88' lang='lat' dir='ltr'>attente</span> <span class='ocrx_word' id='word_1_421' title='bbox 3051 4549 3147 4590; x_wconf 89' lang='lat' dir='ltr'>re-</span> 
     </span>
     <span class='ocr_line' id='line_1_44' title="bbox 426 4613 3144 4697; baseline -0 -19"><span class='ocrx_word' id='word_1_422' title='bbox 426 4616 725 4696; x_wconf 84' lang='lat' dir='ltr'>quirimus</span> <span class='ocrx_word' id='word_1_423' title='bbox 775 4619 837 4682; x_wconf 91' lang='lat' dir='ltr'>et</span> <span class='ocrx_word' id='word_1_424' title='bbox 876 4617 1220 4696; x_wconf 86' lang='lat' dir='ltr'>hortamur,</span> <span class='ocrx_word' id='word_1_425' title='bbox 1267 4615 1441 4682; x_wconf 90' lang='lat' dir='ltr'>illam</span> <span class='ocrx_word' id='word_1_426' title='bbox 1493 4619 1731 4681; x_wconf 86' lang='lat' dir='ltr'>attente</span> <span class='ocrx_word' id='word_1_427' title='bbox 1783 4617 2073 4697; x_wconf 87' lang='lat' dir='ltr'>rogantes</span> <span class='ocrx_word' id='word_1_428' title='bbox 2099 4663 2113 4689; x_wconf 94' lang='lat'>,</span> <span class='ocrx_word' id='word_1_429' title='bbox 2178 4613 2412 4695; x_wconf 89' lang='lat' dir='ltr'>tibique</span> <span class='ocrx_word' id='word_1_430' title='bbox 2474 4614 2805 4677; x_wconf 88' lang='lat' dir='ltr'>suadentes</span> <span class='ocrx_word' id='word_1_431' title='bbox 2869 4616 3144 4695; x_wconf 86' lang='lat' dir='ltr'>paternis</span> 
     </span>
     <span class='ocr_line' id='line_1_45' title="bbox 428 4699 3140 4787; baseline -0.001 -21"><span class='ocrx_word' id='word_1_432' title='bbox 428 4703 697 4769; x_wconf 83' lang='lat' dir='ltr'>consiliis</span> <span class='ocrx_word' id='word_1_433' title='bbox 744 4707 810 4770; x_wconf 91' lang='lat' dir='ltr'>et</span> <span class='ocrx_word' id='word_1_434' title='bbox 855 4706 958 4769; x_wconf 92' lang='lat' dir='ltr'>tue</span> <span class='ocrx_word' id='word_1_435' title='bbox 1006 4704 1230 4769; x_wconf 88' lang='lat' dir='ltr'>salutis</span> <span class='ocrx_word' id='word_1_436' title='bbox 1274 4704 1521 4787; x_wconf 86' lang='lat' dir='ltr'>intuytu</span> <span class='ocrx_word' id='word_1_437' title='bbox 1554 4702 1865 4784; x_wconf 81' lang='lat' dir='ltr'>expresius</span> <span class='ocrx_word' id='word_1_438' title='bbox 1907 4700 2319 4784; x_wconf 74' lang='lat' dir='ltr'>iniungenteS‚</span> <span class='ocrx_word' id='word_1_439' title='bbox 2365 4702 2514 4782; x_wconf 90' lang='lat' dir='ltr'>quot</span> <span class='ocrx_word' id='word_1_440' title='bbox 2546 4701 2622 4765; x_wconf 87' lang='lat' dir='ltr'>ab</span> <span class='ocrx_word' id='word_1_441' title='bbox 2658 4702 2826 4764; x_wconf 89' lang='lat' dir='ltr'>omni</span> <span class='ocrx_word' id='word_1_442' title='bbox 2869 4699 3140 4776; x_wconf 89' lang='lat' dir='ltr'>consilio,</span> 
     </span>
    </p>
   </div>
  </div>
 </body>
</html>
