3620 5282
2982 416 3066 480 51

704 588 1083 669 LXXIV.
1157 589 1363 670 Gon.
1418 592 1644 673 1348.
1697 592 1746 674 3
1797 590 2162 692 veljffl'EQ
2217 614 2275 672 u
2331 590 2721 673 Mletoih.

375 710 678 787 Odyovara
722 732 785 773 se
829 715 1107 774 Mastinu
1145 718 1481 790 yospodaru
1526 719 1785 787 Milana,
1829 720 1908 776 da
1953 736 2013 776 se
2058 719 2203 776 rado
2238 722 2444 790 prima
2487 720 2724 791 njcyovo
2761 718 3062 790 posriedo-

1114 806 1289 877 vanje
1333 822 1407 865 za
1448 808 1565 864 mir
1601 825 1672 867 sa
1715 808 2017 881 uyarskim
2055 806 2319 879 kraljem.

581 938 785 1003 1347.
809 940 908 1005 die
948 939 1044 1005 III
1077 941 1387 1006 februarii.
1437 943 1754 1023 DominuS,
1787 943 2143 1020 consiliarii,
2195 944 2430 1026 capita,
2468 943 2792 1026 sapientes,
2844 942 3073 1027 Capta:

369 1027 524 1110 quod
570 1028 1010 1110 respondeatur
1055 1028 1299 1093 domino
1338 1032 1629 1112 Mastino,
1678 1033 1840 1116 quod
1874 993 2290 1096 intelleximus
2338 1052 2427 1110 ea,
2477 1052 2594 1114 que
2643 1031 2816 1095 nobis
2851 1032 3071 1131 exponi

363 1114 505 1179 fecit
566 1134 673 1196 per
736 1118 1024 1181 nuncium
1090 1137 1270 1181 suum
1340 1119 1414 1183 de
1480 1120 1919 1203 interponendo
1976 1139 2074 1195 se,
2139 1121 2375 1202 quando
2425 1120 2599 1184 nobis
2669 1118 2956 1201 placeret,
3009 1120 3072 1184 in

362 1205 675 1268 tractando
721 1205 1118 1270 amicabilem
1167 1209 1554 1272 concordium
1602 1209 1761 1273 inter
1807 1209 2122 1273 dominum
2186 1228 2288 1285 re„
2269 1227 2391 1271 em
2454 1208 2771 1290 Hungarie
2820 1210 2881 1270 et
2923 1226 3071 1283 nos;

362 1294 422 1354 et
464 1291 609 1355 licet
654 1312 764 1375 pro
805 1296 977 1375 parte
1030 1294 1246 1357 nostra
1288 1295 1460 1359 nulla
1505 1298 1589 1360 sit
1635 1316 1819 1361 causa
1860 1295 2176 1374 discordie,
2226 1300 2433 1359 tamen
2467 1297 2527 1358 in
2551 1296 2871 1359 tractando
2919 1296 3075 1360 ami-

359 1380 620 1443 cabilem
677 1382 1057 1445 concordiam
1130 1383 1481 1447 huiusmodi
1546 1403 1660 1449 sua
1722 1384 1954 1448 oblatio
2021 1385 2196 1447 nobis
2255 1388 2317 1447 et
2379 1384 2811 1447 communitati
2862 1387 3071 1448 nostre

360 1468 532 1532 valde
578 1469 833 1550 placuit,
884 1471 946 1532 et
970 1468 1181 1545 illam
1230 1476 1524 1551 quantum
1550 1490 1894 1554 pessumum,
1942 1473 2237 1536 habemus
2285 1471 2360 1535 ad
2385 1490 2657 1535 amorem
2704 1474 2766 1536 et
2812 1472 3071 1547 bonum·;

360 1558 770 1638 regratiantes
819 1575 888 1619 ex
940 1556 1065 1621 hoc
1112 1559 1445 1639 plurimum
1492 1562 1948 1644 magnificentie
1995 1578 2138 1636 sue,
2200 1579 2271 1623 ac
2320 1560 2582 1624 firmiter
2639 1562 3072 1643 cognoscentes

359 1662 489 1706 esse
540 1646 937 1709 manifestum
997 1645 1240 1746 signum
1287 1667 1427 1711 vere
1473 1649 1839 1726 dilectionis,
1888 1668 2071 1731 quam
2104 1648 2262 1730 gerit
2308 1650 2385 1711 ad
2432 1652 2705 1711 nostrum
2732 1648 3065 1729 dominium

368 1732 431 1794 in
478 1732 738 1797 volendo
785 1752 849 1797 se
897 1735 1133 1813 operari
1178 1734 1243 1797 in
1286 1735 1381 1813 iis,
1431 1756 1545 1819 que
1606 1740 1884 1819 spectare
1950 1737 2186 1817 possint
2244 1737 2321 1798 ad
2383 1738 2614 1799 statum
2677 1730 2745 1798 et
2782 1736 3074 1799 bonorem

368 1821 669 1884 nostrum.
720 1821 803 1886 Et
848 1823 1130 1902 quamvis
1177 1823 1251 1886 ad
1296 1786 1813 1889 cobservationem
1853 1825 2052 1887 status
2099 1826 2166 1888 et
2205 1824 2450 1887 honoris
2497 1823 2591 1886 sui
2638 1842 2910 1887 essemus
2942 1825 3068 1887 sin-

369 1925 511 1971 cera
557 1908 878 1975 affectione
924 1909 1232 1991 dispositi,
1280 1914 1488 1976 tamen
1538 1912 1737 1976 adhuc
1797 1912 2254 1994 magnificentia
2318 1931 2427 1975 sua
2481 1913 2654 1974 nobis
2700 1913 2774 1977 ob
2819 1912 2880 1973 id
2927 1911 3066 1975 red-

368 1995 526 2059 didit
571 1998 1001 2079 promptiores
1052 1996 1225 2063 Unde
1272 2001 1653 2065 considerato
1701 2000 1951 2082 antiquo
1998 2003 2070 2064 et
2107 2000 2371 2063 naturali
2435 2018 2670 2074 amore,
2731 2018 2912 2082 quem
2961 2018 3069 2063 nos

373 2085 436 2147 et
480 2084 942 2167 predecessores
996 2087 1189 2149 nostri
1235 2107 1472 2170 semper
1515 2089 1818 2171 gessimus
1865 2088 1942 2151 ad
1980 2089 2179 2170 ipsum
2206 2092 2268 2151 et
2291 2088 2542 2151 domum
2588 2106 2783 2164 suam,
2832 2088 3073 2150 attenta

364 2172 557 2236 etiam
603 2174 838 2257 optima
884 2173 1297 2255 dispositione,
1347 2194 1529 2258 quam
1578 2177 1639 2241 in
1687 2177 1819 2258 ipso
1866 2176 2027 2240 clare
2094 2176 2541 2257 conspicimus,
2590 2175 2764 2256 plene
2815 2174 3067 2238 confidi-

363 2279 500 2323 mus
548 2261 621 2325 de
666 2260 1089 2345 magnitudine
1137 2282 1244 2326 sua
1283 2267 1572 2345 tanquam
1621 2267 1692 2327 de
1740 2264 2015 2346 quolibet
2060 2264 2258 2344 magis
2303 2282 2443 2326 caro
2477 2264 2794 2345 magisque
2847 2263 3065 2327 intimo

365 2348 566 2412 amico
608 2350 803 2413 nostri
848 2349 1121 2425 dominii,
1169 2353 1445 2415 tenentes
1510 2370 1616 2434 pro
1663 2353 1988 2428 constanti,
2039 2352 2194 2434 quod
2241 2352 2512 2432 quelibet
2559 2355 2764 2414 nostra
2810 2352 3063 2433 agenda,

363 2455 478 2518 que
523 2438 859 2503 transirent
904 2456 1015 2519 per
1059 2456 1278 2502 manus
1321 2458 1478 2516 suaS,
1525 2440 1942 2504 favorabiliter
1973 2442 2385 2503 tractarentur
2429 2441 2493 2502 et
2535 2440 2750 2502 fierent
2788 2456 2929 2502 cum
2961 2438 3073 2502 ho-

360 2542 507 2587 nore
552 2527 788 2606 nostro,
839 2543 1019 2607 quem
1086 2529 1290 2607 potest
1350 2530 1659 2610 proprium
1718 2531 2021 2610 reputare.
2079 2527 2392 2591 Habentes
2455 2528 2660 2608 itaque
2710 2528 3058 2607 respectum

359 2612 435 2677 ad
483 2613 774 2695 predicta,
821 2612 1298 2679 benivolentiam
1357 2616 1848 2700 oblationemque
1897 2635 2071 2680 suam
2134 2615 2468 2697 predictam
2531 2615 2921 2679 affectuosius
2967 2632 3071 2678 ac—

363 2704 698 2782 ceptamus,
750 2702 975 2766 Verum
1010 2704 1351 2767 amicitiam
1394 2724 1568 2769 suam
1614 2707 1897 2769 volumus
1932 2724 2047 2768 non
2072 2704 2283 2780 latere,
2331 2703 2488 2785 quod
2526 2703 2678 2767 alias
2710 2703 3072 2781 obtulimuS,

361 2790 423 2852 et
468 2788 587 2854 dici
635 2790 891 2855 fecimus
937 2789 1174 2872 prefato
1221 2793 1469 2856 domino
1515 2795 1644 2875 regi
1692 2793 1766 2857 de
1814 2793 2118 2857 micteudo
2165 2791 2360 2855 eidem
2409 2794 2681 2855 nostram
2729 2792 3062 2855 solemnem

359 2877 750 2942 ambaxatam
791 2896 900 2960 pro
948 2879 1174 2943 honore
1222 2899 1327 2944 sue
1377 2881 1721 2945 maiestatis
1769 2883 1833 2944 et
1875 2883 2096 2958 nostr0,
2147 2899 2327 2962 quam
2374 2881 2654 2961 expedire
2702 2882 2764 2943 et
2809 2879 3065 2943 mictere

357 2966 732 3030 intendimus
779 2966 858 3029 ad
904 2968 1182 3044 eundem,
1234 2972 1297 3032 et
1341 2987 1479 3032 cum
1522 2973 1737 3051 parata
1784 2968 1988 3042 fuerit,
2036 2969 2097 3031 id
2145 2967 2554 3049 magnitudini
2601 2986 2705 3031 sue
2747 2968 3065 3031 notificare

358 3054 730 3133 curabimuS,
780 3056 851 3118 ut
897 3055 958 3117 in
1007 3056 1278 3120 favorem
1326 3060 1391 3121 et
1438 3059 1662 3121 bonum
1711 3059 2082 3139 agendorum
2131 3063 2478 3119 nostrorum
2544 3056 2779 3137 operari
2830 3058 2890 3118 et
2931 3074 3071 3139 pro-

358 3160 570 3206 curare
618 3143 834 3225 possit,
883 3143 1046 3207 sicut
1090 3143 1164 3207 de
1211 3145 1667 3227 magnificentia
1714 3164 1825 3208 sua
1870 3145 2230 3209 confidimus
2279 3148 2342 3208 et
2386 3163 2721 3226 speramus,
2776 3144 2880 3208 (56.

566 3228 743 3309 Quod
787 3230 1224 3311 respondeatur
1270 3233 1514 3296 domino
1562 3233 1832 3296 Mastino
1897 3250 2003 3315 per
2066 3232 2352 3296 nuncium
2419 3232 2730 3314 proprium
2784 3231 3060 3309 dominii,

354 3316 420 3382 in
468 3318 688 3384 effectu
735 3336 966 3397 eorum,
1018 3339 1131 3402 que
1179 3321 1569 3385 continentur
1614 3321 1674 3384 in
1723 3323 1895 3403 parte
1941 3322 2232 3403 predicta.
2281 3320 2385 3399 37,
2432 3322 2504 3384 de
2533 3339 2653 3384 non
2684 3319 2745 3400 O,
2799 3338 2917 3384 non
2947 3319 3074 3384 sin-

354 3407 604 3557 οθῐὲεῗῷ,
649 3515 803 3558 cons.
848 3503 1033 3575 royat.
1082 3471 1161 3557 A.
1210 3502 1311 3568 96,
1357 3518 1400 3558 u
1442 3501 1782 3559 mlctackom
1829 3500 2059 3559 arkivu.

722 3687 1061 3770 Lxxv.
1134 3688 1339 3775 ooo.
1394 3689 1622 3770 1348.
1678 3689 1726 3772 3
1787 3687 2148 3790 venaco,
2211 3712 2269 3771 u
2321 3689 2709 3771 anetem.

742 3815 1061 3884 Poslanici,
1108 3815 1413 3887 odrecb'cni
1457 3831 1530 3872 za
1592 3816 1884 3889 Uyarsku‚
1932 3821 1985 3874 te
2030 3834 2089 3874 se
2132 3817 2325 3875 sluz'be
2369 3817 2686 3887 riesavaju.

583 3935 766 3999 1347.
816 3934 913 3999 die
962 3934 1055 3999 III
1097 3935 1409 4000 februarii.
1480 3934 1545 4000 Si
1609 3937 1848 4001 videtur
1894 3937 2102 4016 vobis,
2165 3938 2325 4019 quod
2390 3939 2851 4012 ambaxatoreS,
2918 3935 3072 3999 alias

354 4023 507 4088 facti
554 4042 662 4106 pro
709 4025 905 4088 eundo
951 4024 1030 4087 ad
1080 4024 1402 4087 dominum
1447 4043 1652 4107 regem
1699 4026 2051 4108 Hungarie,
2118 4027 2243 4089 sint
2304 4029 2472 4089 extra
2535 4025 2925 4100 ambaxatas,
2975 4022 3072 4087 vel

353 4113 579 4176 durent
624 4111 824 4176 adhuc
871 4112 1315 4176 ambaxatoreS.
1386 4112 1577 4195 Capta
1615 4113 1844 4194 prima,
1895 4114 2052 4195 quod
2115 4113 2516 4194 spiraverint;
2581 4113 2864 4186 secunda,
2913 4111 3073 4194 quod

353 4199 582 4264 durent
626 4201 823 4263 adhuc
870 4201 1295 4264 ambaxatores
1348 4203 1463 4273 11;
1513 4201 1704 4264 tercia
1750 4219 1870 4265 non
1917 4201 2136 4265 sinceri
2182 4202 2242 4265 Ο.

443 4290 604 4350 Secr.
649 4307 808 4352 cons.
854 4296 1039 4366 royac.
1085 4289 1161 4349 A.
1211 4294 1313 4361 96,
1357 4309 1401 4350 u
1449 4294 1664 4350 arkivu
1713 4293 2070 4351 mletackom.

677 4480 1070 4561 LXXVI.
1149 4480 1799 4564 God.1348.1o
1855 4479 2215 4582 venare,
2269 4503 2327 4561 u
2381 4479 2768 4561 Mletcih.

997 4607 1332 4683 Odyodjcno
1378 4609 1627 4680 ries'enJ'c
1674 4610 1919 4682 njekoya
1964 4610 2226 4682 υαὲηορα
2259 4608 2452 4680 posia.

580 4728 766 4793 1347.
818 4728 914 4793 die
963 4727 1021 4792 X
1068 4727 1381 4793 februarii.
1433 4729 1498 4794 Si
1542 4728 1783 4794 videtur
1832 4729 2042 4805 vobiS,
2092 4727 2249 4809 quod
2296 4727 2419 4790 ista
2464 4725 2725 4806 negotia,
2775 4744 2889 4808 que
2936 4727 3079 4789 sunt

353 4825 493 4889 tam
543 4817 758 4897 ardua,
804 4819 878 4881 ut
932 4816 1157 4882 clarius
1224 4817 1288 4880 in
1351 4817 1439 4882 eis
1487 4817 1732 4899 procedi
1798 4816 2032 4899 possit,
2096 4816 2477 4880 induciantur
2538 4831 2730 4892 usque
2793 4814 2870 4875 ad
2917 4813 3081 4876 diem

2752 4914 2789 4953 ηε
