3620 5282
517 397 648 463 432

524 600 709 667 quam
779 578 1283 644 consuetudinem
1351 577 1579 644 civium
1655 577 2148 646 Sibenicensium
2210 581 2589 664 predictam,
2669 581 2896 647 idcirco
2973 582 3246 647 finaliter

523 668 929 744 decrevimuS,
979 668 1135 750 quod
1198 669 1270 732 de
1313 669 1516 733 cetero
1578 666 1841 732 heredes
1904 667 2055 734 dicti
2116 670 2255 734 Elis
2315 669 2631 735 Radovani
2677 675 2741 733 et
2788 668 3020 734 Paulus
3073 669 3243 734 filius

520 758 827 841 quondam
878 755 1048 819 Petri
1097 774 1284 837 nepos
1329 755 1462 820 eius
1511 757 1572 819 in
1634 775 1782 838 pace
1849 759 1910 821 et
1957 756 2164 839 quiete
2225 759 2477 822 teneant
2522 757 2588 821 et
2632 757 2988 840 possideant
3034 758 3104 821 ut
3147 757 3244 822 sni

519 844 779 910 heredes
827 844 1032 906 omnia
1079 845 1238 908 bona
1284 844 1435 908 dicti
1499 843 1859 920 Radovani;
1930 843 2257 909 heredibus
2319 863 2461 910 vero
2525 845 2685 909 dicte
2736 844 2936 921 slave,
2987 842 3132 907 filiis
3181 845 3247 909 et

524 932 775 998 filiabus
825 930 956 993 eius
1005 930 1223 996 exinde
1288 934 1647 1014 perpetuum
1719 932 2040 997 silentium
2111 933 2492 1014 imponendo.
2541 933 2702 997 Item
2750 951 2858 997 nos
2906 931 3245 1013 supradicti

523 1020 828 1103 Georgius
883 1036 1087 1082 comes
1138 1038 1259 1083 una
1304 1037 1445 1083 cum
1505 1018 1671 1084 dicto
1734 1019 1982 1084 domino
2045 1020 2374 1085 Laurentio
2423 1022 2734 1103 potestate
2782 1021 2846 1084 et
2891 1020 3027 1084 tota
3071 1017 3242 1083 curia

522 1105 902 1174 Sibenicensi
951 1124 1160 1170 omnes
1212 1107 1540 1171 concordes
1587 1110 1660 1172 et
1707 1107 2029 1172 unanimes
2076 1127 2185 1190 per
2232 1108 2609 1172 firmativam
2658 1107 3031 1172 sententiam
3079 1105 3240 1170 dixi-

519 1215 657 1260 mus
714 1197 777 1260 et
821 1194 1185 1272 iudicamus,
1235 1194 1392 1277 quod
1435 1194 1583 1258 dicti
1630 1195 1887 1260 heredes
1957 1195 2310 1277 supradicte
2374 1194 2555 1260 Slave
2607 1194 2723 1259 filii
2769 1197 2833 1260 et
2875 1193 3003 1259 filie
3050 1193 3246 1278 ipsius

516 1283 791 1349 habeant
838 1281 1265 1364 plenissimam
1314 1281 1634 1360 virtutem,
1700 1283 2074 1365 potestatem
2140 1286 2325 1365 atque
2387 1283 2750 1348 facultatem
2817 1284 2889 1347 de
2953 1281 3065 1345 illa
3106 1300 3247 1364 pre-

521 1371 690 1436 dicta
768 1369 1142 1452 obligatione
1188 1371 1252 1434 et
1299 1373 1496 1452 pacta,
1562 1390 1742 1453 quam
1805 1370 1957 1435 fecit
2014 1370 2182 1435 dicta
2243 1371 2488 1436 domina
2551 1370 2767 1449 Vlada,
2832 1371 3014 1453 prout
3060 1387 3247 1452 supra

517 1458 880 1523 continetur
929 1457 1188 1540 plenius,
1253 1477 1317 1522 se
1380 1457 1656 1523 solvendi
1719 1460 1783 1523 et
1846 1459 2110 1541 pagandi
2174 1478 2357 1542 super
2420 1476 2742 1541 personam
2789 1458 2953 1522 dicte
3000 1457 3247 1522 domine

523 1547 723 1612 Vlade
773 1547 835 1610 et
881 1564 1064 1627 super
1111 1545 1395 1610 omnibus
1463 1547 1634 1611 bonis
1698 1547 1830 1611 eius
1893 1546 2229 1611 mobilibus
2277 1549 2340 1612 et
2402 1545 2824 1610 immobilibus
2872 1546 3244 1629 ubicumque

524 1636 785 1717 possunt
831 1632 1093 1698 inveniri
1137 1635 1210 1698 de
1258 1633 1436 1698 bonis
1506 1634 1699 1716 ipsius
1761 1633 1826 1697 in
1890 1635 2137 1699 tantum
2184 1638 2487 1716 quantum
2548 1633 2832 1698 ascendit
2875 1633 3063 1698 tertia
3105 1651 3247 1715 pars

525 1723 600 1788 de
649 1721 935 1786 omnibns
987 1720 1160 1786 bonis
1208 1721 1360 1786 dicti
1406 1720 1726 1785 Radovani
1794 1721 2113 1805 Potajnice
2161 1726 2225 1787 et
2269 1722 2344 1786 de
2391 1722 2566 1787 bonis
2613 1722 2773 1786 dicte
2821 1720 3038 1785 Vlade.
3086 1721 3247 1784 Item

525 1809 951 1886 iudicavimus,
1001 1810 1160 1892 quod
1209 1810 1376 1873 dicta
1437 1809 1685 1874 domina
1741 1808 1946 1873 Vlada
2009 1810 2231 1874 debeat
2290 1811 2490 1875 iurare
2551 1828 2615 1874 se
2680 1812 2852 1874 sexta
2899 1827 3087 1873 manu
3133 1825 3247 1873 sua

523 1898 612 1962 ita
657 1897 815 1980 quod
863 1898 935 1960 de
980 1897 1110 1961 illis
1158 1895 1453 1978 predictis
1521 1896 1699 1960 libris
1765 1897 1938 1961 mille
2004 1898 2160 1962 nihil
2216 1897 2454 1979 accepit
2516 1916 2623 1962 seu
2670 1896 2904 1979 recepit
2948 1895 3024 1960 de
3072 1913 3242 1960 com·

523 1987 819 2050 missione
867 1985 1016 2049 dicti
1082 1983 1342 2050 Petrosii
1406 1985 1650 2067 generis
1713 1985 1810 2048 sui
1870 1988 2014 2067 post
2058 1985 2295 2050 obitum
2348 1985 2563 2067 ipsius,
2612 2002 2730 2066 qua
2777 1984 2977 2048 Vlada
3021 2002 3242 2048 secun-

529 2077 673 2138 dnm
722 2072 1021 2137 iudicium
1070 2076 1352 2138 nostrum
1416 2073 1506 2137 ita
1567 2075 2021 2137 sacramentum
2086 2072 2391 2155 implevit,
2457 2076 2527 2137 ut
2585 2073 2803 2137 amodo
2867 2073 3002 2153 ipsa
3048 2070 3249 2136 Vlada

533 2163 621 2226 sit
665 2160 954 2225 absoluta
1003 2179 1039 2224 a
1089 2159 1383 2244 petitione
1448 2159 1750 2225 dictorum
1796 2160 2068 2226 filiorum
2116 2162 2182 2225 et
2227 2161 2498 2225 filiarum
2548 2159 2711 2224 dicte
2758 2157 2940 2223 Slave
2986 2159 3059 2223 de
3107 2177 3249 2240 pre·

529 2249 715 2313 dictis
760 2248 934 2312 mille
980 2248 1160 2312 libris
1200 2249 1261 2311 in
1311 2250 1695 2331 perpetuum,
1763 2267 1915 2332 quas
1972 2267 2158 2330 super
2212 2250 2455 2331 partem
2505 2247 2774 2330 petebat,
2820 2248 2886 2312 et
2932 2246 3246 2310 Petrosius

528 2355 716 2420 nepos
763 2337 928 2400 dicte
975 2335 1172 2400 Vlade
1211 2334 1448 2417 filiique
1508 2335 1770 2400 Petrosii
1836 2354 1906 2400 ex
1968 2338 2146 2418 parte
2208 2354 2322 2400 sua
2380 2334 2835 2400 consentientes
2896 2334 3247 2417 supradicto

526 2424 779 2507 placito,
830 2425 894 2490 et
939 2441 1047 2505 pro
1096 2424 1225 2504 ipso
1272 2423 1461 2487 etiam
1507 2422 1712 2488 dictus
1758 2421 2058 2505 plebanus
2105 2423 2454 2505 Stephanus
2498 2423 2845 2505 placitaret,
2896 2421 2960 2487 et
3001 2421 3091 2486 sic
3135 2438 3247 2503 pro

532 2511 829 2576 fratribus
880 2516 943 2576 et
989 2510 1298 2575 sororibus
1359 2509 1575 2592 ipsius,
1641 2510 1719 2573 ad
1776 2511 2078 2575 maiorem
2134 2529 2277 2574 vero
2334 2510 2709 2575 evidentiam
2752 2509 2974 2575 huiuse
3020 2509 3247 2572 nostris

522 2599 848 2666 sententiis
910 2598 1190 2664 dedimus
1252 2598 1314 2663 in
1376 2598 1744 2680 pristaldum
1807 2597 2223 2684 Grisogonum
2285 2598 2483 2664 filium
2540 2597 2788 2681 Georgii
2870 2595 3240 2680 bucagnium

521 2690 823 2753 nostrum.

732 2774 961 2840 Actum
999 2776 1114 2839 etc.
1163 2774 1402 2857 scripsi,
1455 2773 1731 2839 roboravi
1778 2775 1845 2838 et
1890 2774 2067 2856 signo
2113 2776 2406 2839 consueto
2453 2773 2711 2856 signavi,
2761 2775 2824 2838 et
2869 2772 3013 2855 quia
3061 2770 3245 2836 omisi

521 2864 705 2929 istam
754 2862 1118 2942 clausulam,
1171 2861 1413 2927 silicet:
1460 2860 1503 2942 †
1547 2861 1710 2926 dicte
1760 2861 1943 2928 Slave
1987 2861 2114 2926 filie
2160 2861 2375 2940 Vlade,
2446 2863 2551 2927 ubi
2612 2862 2709 2926 est
2753 2861 2816 2924 in
2863 2860 2983 2924 isto
3014 2859 3247 2924 instru-

531 2954 742 3016 mento
790 2969 912 3015 una
961 2970 1104 3014 crux
1151 2949 1313 3014 inter
1358 2951 1547 3015 istam
1579 2950 1936 3026 dictionem,
1984 2949 2130 3028 filie,
2180 2953 2243 3012 et
2273 2949 2459 3013 aliam
2493 2949 2844 3026 dictionem,
2894 2966 3057 3028 non;
3103 2947 3240 3011 ideo

524 3040 727 3121 ipsam
775 3038 1119 3102 clausulam
1168 3039 1334 3102 adidi
1378 3038 1442 3102 in
1489 3038 1609 3103 fine
1678 3038 2070 3102 instrumenti
2121 3039 2264 3120 post
2308 3037 2769 3102 annotationem
2815 3034 3071 3101 testium
3120 3035 3242 3099 im·

521 3125 789 3190 mediate
839 3128 982 3208 post
1027 3126 1225 3207 ipsam
1273 3125 1606 3191 dictionem
1653 3125 1796 3190 aliis
1843 3127 1960 3190 etc.

607 3217 680 3275 Is
724 3217 1013 3289 rulcopisa
1055 3233 1098 3274 u
1138 3216 1294 3276 mlet.
1343 3217 1576 3275 arkivu.

887 3404 1185 3486 xcffl.
1219 3403 1452 3485 flod.
1505 3404 1728 3488 1298.
1796 3405 1901 3488 26
1956 3407 2388 3507 prosinca,
2444 3426 2501 3485 u
2555 3404 2857 3487 Vrani.

516 3531 685 3589 Knez
733 3529 974 3603 Kurjak
1009 3529 1166 3603 pred
1210 3530 1539 3589 hrvatskim
1583 3532 1794 3591 banom
1843 3532 2089 3591 Pavlom
2127 3532 2397 3604 obvezw‘e
2442 3547 2503 3590 se
2538 3532 2835 3604 povratiti
2878 3530 3057 3603 m'eka
3086 3531 3236 3588 ima-

1216 3618 1324 3691 nJ‘a
1368 3618 1739 3678 korbavskim
1783 3620 2079 3694 plemicem
2123 3619 2286 3679 brada·
2335 3616 2538 3682 Gusie.

730 3737 859 3803 Nos
902 3737 1132 3803 Paulus
1181 3738 1376 3803 banus
1424 3739 1616 3803 totius
1664 3738 1994 3804 Chorvacie
2044 3740 2335 3806 memorie
2381 3740 2881 3804 commendantes
2933 3737 3245 3820 significa·

523 3844 663 3890 mus
701 3826 908 3890 tenere
956 3826 1334 3908 presentium
1400 3826 1623 3909 quibus
1686 3826 1932 3909 expedit
1992 3828 2317 3904 universis,
2379 3828 2537 3909 quod
2600 3827 2965 3891 accedentes
3009 3824 3088 3889 ad
3136 3845 3246 3891 no-

527 3915 726 3978 stram
772 3913 1147 3998 presentiam
1194 3914 1309 3978 viri
1372 3914 1612 3978 nobiles
1674 3914 1749 3978 de
1810 3913 2155 3980 Chorbavia
2217 3914 2535 3998 Gusicby:
2584 3912 2828 3991 Gridus,
2894 3912 3123 3978 Desina
3180 3916 3246 3980 et

524 4001 874 4067 Pribislaus
922 4002 1145 4067 fratres
1201 4001 1473 4066 huterini
1532 4004 1971 4084 conquerentes
2035 4021 2217 4085 super
2258 4003 2549 4067 comitem
2598 3999 2988 4078 Churiacum,
3037 4003 3245 4065 osten-

517 4088 751 4153 derunt
796 4089 860 4154 in
908 4091 1116 4153 nostra
1161 4088 1470 4171 presentia
1513 4108 1719 4154 coram
1770 4088 2083 4154 nobilibus
2148 4090 2297 4154 viris
2363 4091 2535 4172 regni
2584 4087 3033 4154 Chorvatotum
3081 4089 3249 4154 circa

518 4195 626 4240 nos
688 4177 1098 4243 existentibus
1144 4195 1332 4241 unum
1384 4176 1772 4260 privilegium
1826 4176 2057 4240 domini
2104 4178 2299 4240 nostri
2345 4178 2507 4241 Belli
2555 4178 2741 4258 regis,
2790 4196 2899 4259 per
2928 4176 3086 4258 quod
3120 4177 3250 4258 pri-

518 4262 821 4345 vilegium
895 4265 1174 4329 dominus
1255 4264 1466 4327 noster
1533 4265 1708 4328 Belle
1773 4283 1876 4328 rex
1960 4262 2132 4327 dedit
2191 4265 2515 4329 Ladislavo
2596 4264 2753 4345 patri
2823 4282 3053 4341 eorum,
3118 4262 3249 4329 filio

518 4351 765 4414 comitis
810 4352 1035 4417 Jocobi
1089 4352 1167 4416 de
1220 4350 1567 4416 Chorbavia
1632 4352 1864 4418 Gusich
1927 4370 2037 4434 pro
2102 4351 2220 4415 fide
2285 4355 2349 4415 et
2395 4352 2645 4416 servitio
2691 4370 2802 4416 suo
2845 4350 2964 4433 sibi
3009 4351 3075 4415 et
3119 4352 3248 4416 suis

518 4435 848 4503 heredibus
915 4459 1019 4503 sex
1089 4439 1508 4522 possessiones
1575 4439 1807 4519 positas
1871 4440 1932 4503 in
1996 4437 2339 4504 Chorbavia
2400 4459 2540 4503 cnm
2604 4439 2891 4504 omnibns
2953 4437 3141 4503 metis
3188 4440 3256 4505 et
3353 4457 3358 4460 “

519 4523 923 4603 pertinentiis
991 4544 1223 4603 eorum,
1294 4525 1493 4607 primo
1558 4527 1867 4592 Dramotis

520 4609 928 4677 Crabosevich
1003 4616 1070 4678 et
1136 4614 1287 4677 dicti
1345 4611 1755 4679 Crabosevich
1804 4614 1867 4678 P]

518 4701 663 4760 sunt
708 4698 785 4762 ad
833 4700 1102 4764 confines
1158 4699 1390 4765 Gezev·
1421 4735 1480 4749 ··
1526 4704 1589 4764 et
1639 4721 1822 4767 unam

520 4784 585 4847 in
627 4784 817 4850 Luca.
867 4786 1103 4850 Ibidem
1154 4790 1453 4869 cognatus
1499 4789 1707 4854 noster
1754 4807 1867 4853 con
