3620 5282
419 419 543 486 182

1149 590 1519 673 CGLIII.
1576 589 1782 672 Ged.
1839 591 2395 675 1381—1387.

409 736 602 811 Popis
647 738 862 797 raznih
906 737 1176 795 izvornih
1220 735 1432 795 listina
1476 735 1859 882 sgremljenih
1881 736 2217 881 1238njek0j
2261 735 2514 793 dvm-ani
2560 734 2733 792 crlcve
2775 751 2859 792 sv.
2908 735 3139 792 Mar-ka

1542 827 1581 882 7
1617 824 1834 896 srpnja
2012 826 2070 882 9.

638 943 1062 1007 Instrumenta
1133 943 1369 1008 ducalis
1462 942 1716 1008 dominii
1792 944 1857 1007 et
1925 943 2266 1007 communis
2317 941 2721 1006 Venetiarum
2798 942 2999 1025 posita
3074 943 3135 1006 in

407 1031 759 1114 procuratis
831 1030 1127 1112 superiori
1221 1032 1478 1096 ecclesie
1556 1031 1757 1096 sancti
1841 1030 2038 1094 Marci
2118 1030 2178 1094 in
2255 1029 2534 1112 deposito
2611 1031 2675 1093 et
2750 1029 3132 1093 salvamento

403 1117 1069 1186 MCCCLXXXVIIII.
1117 1120 1192 1183 de
1241 1139 1449 1184 mense
1490 1118 1636 1202 julii
1678 1118 1775 1183 die
1823 1118 2079 1182 XXVII.
2129 1118 2204 1182 de
2251 1116 2454 1182 ducali
2521 1117 2812 1182 mandato
2877 1136 2986 1198 per
3032 1136 3131 1181 me

404 1206 794 1290 Raphainum
837 1206 911 1269 de
955 1204 1264 1271 Caresinis
1311 1206 1745 1302 cancellarium
1793 1206 2214 1271 Venetiarum.

1482 1345 1558 1408 In
1601 1349 1792 1421 primo
1837 1349 2014 1408 sache
2036 1366 2051 1407 ε

611 1469 823 1534 Primo
868 1468 1230 1554 syndicatus
1295 1467 1615 1550 Hungarie
1684 1469 1759 1533 ad
1808 1486 2052 1550 pacem,
2101 1468 2304 1533 factus
2351 1488 2460 1552 per
2507 1470 2969 1534 serenissimum
3022 1468 3130 1532 do·

400 1555 640 1621 minum
686 1557 1004 1639 Hungarie
1053 1574 1194 1639 rege
1241 1574 1379 1620 cum
1428 1555 1635 1638 sigillo
1682 1555 2029 1621 maiestatis
2065 1556 2387 1638 Hungarie
2435 1557 2749 1637 pendenti.

608 1644 754 1708 Tria
799 1644 1216 1709 instrumenta
1263 1643 1431 1725 pacis
1491 1643 1800 1707 celebrate
1868 1643 1933 1707 in
1982 1644 2250 1707 Taurino
2322 1662 2460 1707 cum
2511 1644 2756 1707 domino
2804 1661 2946 1726 rege
2994 1643 3128 1706 Un-

400 1732 591 1814 garie‚
639 1731 1074 1803 Januensibus,
1124 1731 1453 1806 Paduam,
1502 1735 1565 1793 et
1633 1729 2057 1811 patriarchatu
2122 1730 2506 1813 Aquileiensi
2567 1731 2843 1796 eiusdem
2894 1731 3123 1795 tenoris

398 1838 539 1883 cum
586 1819 748 1884 bulis
795 1818 1026 1883 domini
1074 1818 1321 1882 comitis
1367 1816 1696 1882 Subaudie.

607 1908 1095 1971 Instrumentum
1143 1905 1564 1970 conventionis
1608 1924 1748 1969 cum
1795 1904 2322 1970 ambaxiatoribus
2377 1906 2651 1988 Ungarie
2695 1905 2773 1969 de
2819 1924 2936 1970 non
2986 1924 3125 1987 pos-

395 1994 582 2059 sendo
630 1993 941 2059 conveniri
987 1993 1180 2058 donec
1226 1992 1489 2058 ecclesia
1533 1992 1724 2057 fuerit
1768 1992 1849 2056 ad
1898 1993 2220 2058 unitatem.

602 2080 961 2146 Ratificatio
1007 2080 1243 2145 domini
1288 2081 1452 2164 regis
1499 2080 1773 2163 Ungarie
1821 2080 1895 2144 de
1943 2098 2088 2162 pace
2136 2080 2446 2145 celebrata
2498 2080 2560 2143 in
2608 2081 2897 2146 Taurino.

604 2169 961 2234 Ratificatio
1029 2169 1195 2233 facta
1258 2187 1368 2250 per
1428 2167 1747 2232 dominum
1818 2187 2028 2251 regem
2113 2167 2389 2251 Ungarie
2467 2187 2652 2250 super
2716 2169 3121 2251 promissione

393 2257 558 2321 facta
594 2276 705 2339 per
751 2256 1104 2339 episcopum
1141 2255 1425 2337 Quinque
1479 2256 1877 2320 ecclesiarum
1928 2257 1992 2319 et
2023 2255 2498 2338 Zagrabiensem
2532 2257 2607 2320 de
2653 2274 2771 2319 nou
2822 2255 3121 2321 movendo

400 2343 579 2409 litem
649 2363 833 2426 super
881 2342 1120 2408 iuribus
1173 2343 1510 2408 buccarum
1560 2344 1749 2407 donec
1813 2343 2071 2407 ecclesia
2117 2344 2216 2408 dei
2272 2343 2624 2425 pervenerit
2670 2346 2743 2408 ad
2795 2343 3121 2408 unitatem.

606 2433 1105 2496 Instrumentum
1151 2429 1548 2512 quietationis
1596 2429 1852 2495 Cathari
1902 2429 2061 2496 facte
2108 2449 2217 2513 per
2261 2449 2471 2514 regem
2518 2431 2811 2516 Ungarie.

603 2516 916 2597 Quietatio
963 2518 1214 2602 pecunie
1261 2517 1461 2583 solute
1508 2519 1753 2583 domino
1805 2519 1936 2601 regi
1982 2518 2303 2602 Hungarie
2348 2537 2457 2602 pro
2503 2519 2705 2601 primo
2750 2537 2926 2582 anno,

753 2663 835 2721 In
879 2656 1137 2721 secundo
1166 2662 1344 2722 socho
1389 2666 1533 2721 sunt
1576 2663 1980 2722 instrumenta
2028 2662 2422 2736 infrascripta
2466 2662 2767 2722 videlicet:

602 2781 1091 2847 lustramentum
1155 2780 1484 2847 iuramenti
1545 2782 1793 2865 prestiti
1852 2803 1960 2864 per
1996 2782 2322 2867 ·reginales
2384 2782 2742 2847 maiestates
2798 2783 3122 2866 Hungarie

389 2871 454 2933 in
501 2870 787 2935 manibus
833 2888 932 2933 ser
975 2868 1265 2934 Saraceni
1312 2869 1599 2935 Dandulo
1648 2871 2110 2947 ambaxiatoris‚
2153 2890 2336 2952 super
2374 2871 2767 2935 observantia
2807 2870 2994 2953 pacis,

602 2956 1115 3022 Littera-domini
1178 2957 1343 3042 regis
1395 2957 1579 3023 Rasie
1625 2959 1690 3022 et
1729 2958 1992 3040 Bosiue‚
2040 2977 2147 3041 pro
2196 2957 2588 3024 immunitate
2632 2958 3006 3023 Venetorum
3055 2959 3118 3022 in

394 3043 651 3111 civitate
698 3041 968 3111 Cathari.

1384 3153 1466 3212 In
1512 3155 1682 3214 tertio
1727 3155 1905 3215 sacho
1950 3158 2126 3215 sunt:

601 3270 950 3337 Sindicatus
996 3271 1061 3336 in
1106 3288 1433 3353 personam
1482 3272 1705 3337 nobilis
1754 3273 1871 3337 viri
1916 3272 2225 3355 Raphaini
2272 3273 2349 3337 de
2405 3271 2714 3337 Caresinis
2761 3272 3114 3337 cancellarii

391 3358 795 3422 Venetiarum
842 3377 952 3441 pro
995 3359 1423 3442 prorogatione
1471 3360 1722 3425 termini
1768 3362 1847 3424 ad
1894 3361 2288 3425 nativitatem
2333 3360 2567 3425 domini
2611 3361 2808 3443 prime
2856 3361 3119 3425 solutio-

393 3444 489 3509 nis
532 3445 896 3510 ducatorum
942 3448 1177 3523 septem
1219 3446 1509 3512 millium.

600 3532 978 3614 Compositio
1026 3534 1406 3599 dominorum
1456 3534 1873 3616 episcoporum
1925 3534 2208 3617 Quinque
2254 3535 2729 3613 ecclesiensum‚
2779 3537 2844 3600 et
2889 3537 3113 3619 Zagra-

390 3618 621 3685 biensis
668 3620 742 3684 de
779 3622 1207 3704 prorogatione
1250 3621 1413 3687 facta
1458 3643 1564 3704 per
1611 3622 1932 3687 illustrem
1964 3626 2285 3689 dominum
2327 3624 2619 3688 comitem
2669 3624 2990 3700 Sabaudie,
3040 3625 3115 3687 de

389 3706 591 3790 prima
636 3706 940 3774 solutione
985 3711 1224 3792 septem
1274 3709 1543 3774 millium
1594 3712 1958 3775 ducatorum
2027 3712 2102 3775 ad
2161 3711 2388 3776 festum
2461 3711 2810 3775 nativitatis
2857 3711 3112 3788 domini,

387 3797 453 3859 et
498 3796 972 3875 contentatione,
1018 3797 1177 3879 quod
1227 3798 1586 3880 portentur,
1633 3799 1699 3863 et
1743 3799 1869 3862 sint
1906 3817 1944 3862 a
1990 3799 2193 3881 Segna
2255 3819 2445 3882 usque
2494 3799 2554 3862 in
2604 3799 2881 3876 Batiam,
2936 3801 3001 3863 et
3050 3798 3108 3861 in

391 3882 657 3964 Segnam
704 3887 777 3949 ad
831 3884 1085 3949 risicum
1136 3884 1367 3955 domini
1399 3885 1601 3969 regiS‚
1653 3885 1818 3950 sicut
1886 3886 1949 3951 in
1990 3886 2184 3952 Jadra
2234 3905 2367 3951 esse
2418 3887 2678 3966 debeat,
2727 3891 2792 3952 et
2836 3906 2875 3951 a
2919 3886 3115 3951 Jadra

388 3970 450 4037 in
497 3971 690 4038 Buda.

1296 4060 1379 4123 In
1422 4080 1540 4123 uno
1585 4061 1842 4124 comerio
1886 4064 1957 4123 dc
2005 4066 2192 4125 cor-io:

596 4182 833 4248 Littera
864 4182 1098 4248 domini
1126 4184 1202 4249 de
1242 4184 1442 4249 Duino
1478 4203 1585 4266 pro
1620 4185 2076 4249 contentatione
2104 4185 2581 4270 consignationis
2613 4184 2801 4250 castri
2848 4186 3112 4266 Vragne.

598 4269 1090 4336 instrumentum
1157 4272 1468 4336 secretum
1534 4272 1768 4337 factum
1826 4291 1936 4355 per
1993 4272 2265 4351 nobiles,
2326 4277 2389 4337 et
2452 4274 2865 4338 comunitates
2915 4272 3112 4355 patrie

382 4356 664 4422 Foriiulii
705 4357 782 4423 de
825 4359 1107 4442 portibus
1155 4363 1219 4424 et
1261 4359 1414 4425 locis
1462 4377 1580 4423 non
1628 4358 1846 4424 dandis
1894 4378 2109 4425 corone
2156 4364 2221 4425 et
2267 4379 2454 4445 regno
2497 4360 2790 4443 Ungarie.

1356 4504 1438 4564 In
1483 4508 1696 4578 quarto
1735 4504 1914 4563 sacho
1958 4507 2140 4563 sunt.-

595 4619 1088 4686 Instrumentum
1136 4622 1491 4688 traditionis
1562 4624 1750 4689 castri
1801 4621 2052 4688 Cathari
2123 4625 2187 4689 et
2233 4624 2506 4690 civitatis
2569 4624 2767 4688 fieude
2815 4643 2921 4706 per
2966 4623 3110 4687 illu-

383 4703 576 4768 strem
623 4706 941 4772 dominum
989 4711 1241 4789 ducem,
1304 4713 1367 4775 et
1428 4729 1752 4776 commune
1807 4711 2230 4790 VenetIarum‚
2278 4712 2329 4776 si
2384 4712 2790 4788 tenebuntur,
2839 4716 2902 4775 et
2946 4710 3109 4774 facta

385 4789 803 4875 assignatione
850 4794 1158 4863 absolutio
1206 4796 1381 4880 sequi
1429 4798 1663 4878 debuit,
1714 4802 1777 4863 et
1822 4798 1987 4864 facta
2034 4798 2153 4863 fuit
2200 4800 2445 4865 domino
2495 4800 2627 4883 regi
2674 4797 2959 4882 Ungarie.
