3620 5282
2964 315 3093 381 335

384 483 594 561 rachii‚
644 486 986 550 castrorum
1031 486 1094 550 et
1138 485 1414 551 locorum
1461 487 1879 569 spectantium
1932 489 2091 553 dicto
2160 490 2420 564 civitati,
2493 509 2627 554 esse
2673 491 2936 556 debeant
3013 495 3090 557 ad

385 573 794 637 obedientiam
848 576 911 639 et
956 574 1323 638 mandatum
1371 577 1562 639 baiuli
1611 580 1673 640 et
1721 578 2026 657 capitanei
2073 580 2266 642 nostri
2305 578 2590 660 predicti.
2683 577 2856 657 Quod
2924 583 3090 662 capi-

380 661 581 724 tulum
634 661 696 723 in
742 665 1040 745 quantum
1107 663 1182 727 ad
1253 666 1314 726 te
1385 666 1626 745 spectat
1687 665 1909 729 debeas
1979 666 2301 731 observare
2362 671 2425 731 et
2484 667 2684 731 facere
2757 669 3089 732 observari.

381 747 621 825 Omnia,
678 769 794 831 que
843 751 955 814 tibi
1003 750 1257 816 dicendo
1306 753 1756 831 mandabimus,
1806 755 2160 819 observabis
2207 759 2267 818 et
2314 758 2430 819 cet.
2459 791 2540 801 -—
2571 754 2845 821 Jurastis
2883 762 2944 822 et
2974 762 3091 822 cet.

469 858 649 917 Mis-ti
696 856 950 921 XLIII.
998 862 1102 935 21,
1154 879 1194 919 u
1229 861 1384 923 mlet.
1429 863 1664 921 arkivu.

571 1065 1180 1151 GOCGLXXV.
1232 1068 1437 1151 God.
1492 1069 1718 1152 1394.
1769 1070 1863 1152 27
1917 1071 2361 1171 kolovoza‚
2411 1096 2470 1154 u
2524 1072 2914 1156 Mletcih.

384 1217 723 1294 Primljeno,
776 1216 856 1273 da
907 1233 969 1274 se
1016 1215 1295 1289 qlavnica
1338 1214 1620 1287 poloiena
1665 1216 1741 1273 od
1790 1218 1978 1277 kneza
2027 1216 2400 1292 Cetinfiskoya
2457 1219 2735 1291 Nelepida
2777 1222 2801 1278 i
2871 1220 3097 1280 dotidne

486 1307 719 1365 kamate
778 1303 976 1364 izv-ude
1020 1305 1310 1376 njekomu,
1356 1304 1456 1376 koj
1492 1305 1585 1376 jih
1632 1305 1839 1375 troiia,
1887 1307 2011 1364 ako·
2042 1307 2282 1378 valjano
2330 1307 2546 1367 dekaze
2590 1311 2747 1381 svoje
2783 1325 2990 1381 pravo,

598 1425 788 1490 1394.
839 1424 1172 1488 indictione
1218 1423 1503 1500 secunda,
1553 1424 1648 1487 die
1696 1422 1778 1486 27
1831 1424 2060 1487 mensis
2103 1424 2369 1508 augusti.
2465 1423 2697 1506 Capta:
2748 1444 2886 1490 cum
2936 1427 3094 1491 alias

392 1514 559 1578 1343
608 1513 858 1596 quidam
905 1530 1113 1576 comes
1160 1512 1476 1592 Neliptius
1545 1512 1828 1575 dominus
1898 1510 2101 1576 Citine
2177 1514 2447 1595 partium
2517 1512 2838 1578 Sclavenie
2885 1515 3096 1599 vigore
3177 1533 3190 1550 ’

389 1602 713 1667 cuiusdam
758 1599 929 1682 pacis
971 1601 1237 1665 tractate
1287 1603 1350 1663 et
1392 1600 1633 1664 firmate
1682 1601 1844 1664 inter
1892 1620 1999 1664 nos
2045 1604 2108 1664 et
2155 1620 2295 1665 eum
2361 1600 2713 1683 depositum
2761 1602 2977 1668 fecerit
3022 1606 3095 1668 ad

389 1709 697 1756 cameram
746 1689 1041 1753 frumenti
1087 1689 1277 1753 libras
1321 1688 1440 1752 XX
1499 1688 1793 1762 millium,
1859 1689 1931 1752 de
1993 1689 2215 1771 quibus
2285 1689 2548 1753 debebat
2608 1689 2834 1754 habere
2909 1692 3097 1773 prode

390 1797 573 1843 suum
620 1773 713 1841 ad'
743 1778 1051 1841 racionem
1096 1778 1365 1860 quinque
1413 1795 1519 1858 pro
1567 1778 1932 1853 centenariO,
1976 1778 2066 1840 uti
2100 1777 2451 1841 continetur
2487 1778 2551 1841 in
2583 1781 2900 1860 quaternis
2933 1779 3097 1842 dicte

391 1885 650 1945 camere,
698 1868 762 1929 et
807 1868 880 1930 de
927 1865 1030 1930 ilis
1077 1866 1363 1930 habuerit
1413 1865 1630 1928 multis
1692 1864 1871 1928 annis
1941 1868 2150 1948 prode,
2220 1866 2326 1929 sed
2395 1867 2643 1947 propter
2707 1885 2962 1948 guerras
3038 1872 3100 1931 et

392 1956 547 2018 alias
595 1955 906 2019 novitates
953 1973 990 2017 a
1036 1955 1253 2019 multis
1300 1954 1479 2017 annis
1526 1955 1691 2017 circa
1736 1953 1948 2017 nullus
1998 1954 2414 2035 comparuerit
2459 1954 2535 2018 ad
2606 1956 2937 2036 petendum
2985 1974 3102 2020 nec

388 2045 574 2126 prode
618 2061 729 2108 nec
775 2042 1075 2124 capitale3
1125 2060 1286 2106 nunc
1328 2045 1536 2105 autem
1585 2046 1929 2122 compareat
1980 2042 2231 2123 quidam
2310 2043 2552 2121 nobiliS‚
2600 2044 2699 2125 qui
2761 2045 2921 2125 petit
2996 2043 3099 2107 de-

390 2132 660 2214 positum
709 2131 1058 2213 predictum
1106 2134 1170 2193 et
1215 2130 1403 2212 prode
1452 2149 1651 2206 suum,
1697 2130 1952 2211 probare
2000 2149 2066 2193 se
2113 2130 2391 2205 offerenS‚
2442 2130 2707 2213 qualiter
2754 2133 2831 2195 ad
2889 2131 3099 2213 ipsum

391 2222 631 2302 spectat
678 2219 937 2302 pecunia
981 2219 1435 2300 suprascripta;
1488 2220 1658 2282 vadit
1704 2236 1865 2297 pam,
1915 2237 2052 2282 cum
2088 2218 2173 2282 sit
2205 2220 2538 2282 secundum
2572 2219 2860 2283 honorem
2898 2221 3094 2283 nostri

391 2308 735 2378 communis
782 2306 1109 2389 unicuique
1173 2307 1477 2371 iustitiam
1554 2305 1928 2383 ministrare,
2003 2307 2157 2388 quod
2228 2308 2658 2371 committatur
2725 2306 3097 2372 officialibus

392 2397 613 2460 nostris
660 2395 973 2472 frumenti,
1024 2395 1181 2477 quod
1228 2394 1583 2458 videntibus
1633 2394 1759 2457 illis
1793 2398 1857 2458 et
1889 2395 2258 2459 habentibus
2292 2395 2671 2459 sufficientes
2704 2396 3098 2478 probationes

392 2486 456 2549 et
503 2484 852 2548 claritatem
900 2483 1236 2547 secundum
1285 2482 1794 2546 consuetudinem
1846 2483 1938 2546 sui
1987 2481 2195 2558 officii,
2246 2485 2402 2564 quod
2449 2483 2528 2547 ad
2592 2484 2790 2565 ipsum
2827 2484 3099 2548 nobilem

392 2575 670 2656 spectare
718 2571 938 2636 debeat
983 2572 1238 2654 pecunia
1264 2571 1679 2653 suprascripta
1711 2575 1774 2636 et
1802 2573 1987 2654 prode
2021 2572 2162 2636 inde
2195 2575 2477 2635 secutum
2511 2591 2618 2656 per
2652 2573 3101 2637 successionem

390 2663 491 2727 vel
532 2660 733 2737 aliter,
782 2660 1014 2725 faciant
1055 2661 1111 2725 ei
1159 2660 1291 2724 fieri
1342 2661 1594 2725 cedulae
1641 2679 1782 2724 suas
1829 2662 1957 2724 tam
2030 2659 2106 2725 de
2174 2661 2427 2743 capitali
2494 2680 2678 2744 quam
2749 2661 2825 2725 de
2885 2662 3104 2744 prode,

393 2749 553 2833 quod
598 2750 824 2814 habere
869 2749 1140 2826 debebit,
1188 2749 1278 2812 ita
1326 2746 1489 2832 quod
1538 2767 1678 2813 cum
1728 2748 2090 2832 integritate
2134 2749 2380 2827 habeat,
2418 2749 2581 2831 quod
2624 2749 2745 2814 sibi
2777 2750 3105 2831 spectabit.

477 2859 659 2918 Misti
707 2858 972 2919 XLIII.
1017 2860 1124 2930 27,
1175 2877 1216 2917 u
1261 2859 1416 2920 mlet.
1468 2859 1704 2917 arkivu.

667 3064 1319 3152 ccconxxvl.
1374 3034 1869 3149 ooa‘1394.
1921 3065 1972 3146 e
2026 3066 2307 3167 muna,
2363 3087 2420 3147 u
2471 3066 2866 3150 materh.

394 3213 686 3272 Mletdani
744 3214 1107 3287 odyovaraju
1173 3213 1509 3286 aqam-hro.
1572 3213 1775 3284 kralju
1847 3213 1871 3269 i
1915 3211 2173 3283 kraIJici,
2242 3211 2322 3269 da
2388 3211 2449 3269 ἑο
2483 3211 2583 3284 jih
2618 3228 2702 3283 po
2747 3198 3107 3285 moyudnosti

474 3303 781 3375 pomayati
823 3320 865 3360 u
908 3306 1051 3359 ratu
1089 3299 1259 3374 proti
1305 3300 1565 3359 Turkom
1603 3302 1627 3357 i
1666 3318 1747 3358 na
1793 3301 2045 3360 dolazku
2090 3317 2132 3357 u
2177 3300 2413 3372 Italiq‘u,
2465 3302 2553 3359 §to
2600 3302 2752 3358 kane
2793 3301 3036 3359 invest&

614 3421 799 3486 1394.
871 3421 1210 3486 indictione
1275 3421 1483 3498 tercia,
1543 3422 1640 3486 die
1711 3424 1883 3485 sexto
1945 3421 2330 3503 septembris.
2384 3422 2708 3503 Sapientes
2757 3422 2999 3486 consilii
3042 3422 3106 3485 et

396 3510 707 3593 sapientes
753 3510 1057 3574 ordinum.
1099 3508 1333 3590 Capta:
1381 3510 1539 3591 quod
1590 3510 2031 3592 respondeatur
2070 3509 2208 3572 istis
2251 3509 2775 3574 ambassatoribus
2845 3509 3106 3574 serenis-

399 3600 544 3663 simi
591 3598 824 3662 domini
866 3598 1030 3680 regis
1076 3601 1140 3662 et
1185 3597 1430 3661 domine
1476 3599 1684 3680 regine
1729 3598 2050 3681 Hungarie
2096 3598 2174 3660 ad
2219 3599 2636 3661 ambassatam
2702 3617 2876 3667 suam
2926 3597 3101 3662 nobis

399 3687 779 3770 expositam;
824 3688 888 3749 et
932 3687 1130 3768 primo
1175 3685 1251 3748 ad
1302 3687 1564 3767 primam
1614 3690 1873 3768 partem,
1924 3706 2031 3767 per
2095 3704 2279 3768 quam
2345 3686 2666 3749 notificant
2727 3688 2935 3749 nostro
2997 3688 3105 3749 do-

400 3776 609 3851 minio,
660 3776 816 3859 quod
865 3778 1114 3856 propter
1161 3774 1505 3837 invasiones
1555 3774 1936 3837 Turchorum
1983 3775 2045 3837 in
2117 3792 2301 3856 regno
2365 3791 2470 3838 suo
2536 3775 2666 3855 ipse
2734 3773 3108 3838 deliberavit

401 3883 538 3928 cum
590 3864 990 3946 principibus,
1040 3863 1388 3940 baronibu8‚
1440 3863 1737 3925 fratribus
1785 3864 1846 3925 et
1912 3861 2127 3925 amicis
2196 3863 2322 3925 suis
2394 3863 2659 3943 partium
2729 3880 2979 3925 suarum
3027 3863 3101 3925 de

400 3971 609 4016 mense
659 3951 806 4015 maii
852 3952 1127 4033 proxime
1200 3952 1452 4014 venturo
1513 3968 1758 4014 movere
1830 3970 1894 4013 se
1965 3968 2104 4013 cum
2154 3949 2385 4030 potenti
2432 3952 2702 4013 exercitu
2750 3968 2858 4013 suo
2908 3952 2969 4013 et
3017 3949 3104 4012 ire

401 4043 615 4104 contra
665 4041 860 4104 dictos
908 4039 1179 4103 Turchos
1227 4037 1302 4102 ad
1350 4039 1640 4101 damnum
1692 4043 1757 4102 et
1786 4039 2230 4101 destrutionem
2265 4056 2461 4111 suam,
2497 4039 2560 4100 et
2591 4036 2746 4121 quod
2781 4041 3101 4119 propterea

403 4130 575 4193 nobis
623 4129 864 4210 placeat
909 4129 1052 4191 dare
1100 4128 1215 4190 sibi
1266 4145 1446 4207 super
1493 4128 1605 4190 hoc
1652 4126 2002 4201 consilium,
2066 4125 2360 4189 auxilium
2419 4128 2482 4189 et
2544 4125 2812 4190 favorem
2879 4128 2943 4189 et
2988 4129 3103 4189 cet.

402 4214 573 4294 Quod
621 4217 784 4281 sicut
829 4219 919 4280 eis
968 4216 1252 4292 diximuS‚
1302 4217 1461 4278 teste
1512 4215 1639 4277 Deo
1688 4232 1798 4277 nos
1874 4213 2083 4295 gravit
2149 4224 2211 4276 et
2277 4216 2568 4295 gravaret
2613 4232 2858 4294 semper
2904 4214 3102 4276 omnis

400 4307 660 4376 novitas,
706 4325 819 4387 que
864 4304 1041 4368 fieret
1086 4305 1150 4367 et
1195 4301 1454 4366 molesta
1499 4301 1659 4367 foret
1706 4302 2017 4365 maiestati
2089 4320 2217 4377 sue,
2291 4303 2588 4366 subdictis
2637 4305 2698 4364 et
2757 4320 2945 4384 regno
2992 4320 3102 4365 suo

403 4414 510 4476 per
555 4395 975 4476 quodcumque
1022 4395 1084 4456 et
1131 4390 1399 4456 maxime
1449 4411 1552 4471 per
1601 4390 1799 4454 dictos
1853 4389 2129 4453 infideles
2178 4393 2595 4470 persecutores
2644 4390 2782 4453 fidei
2849 4390 3107 4453 catolice

403 4486 466 4545 et
508 4481 769 4545 nominis
817 4480 1143 4544 christiani
1192 4482 1439 4561 propter
1502 4478 1885 4561 singularem
1950 4477 2359 4551 affectionem,
2432 4497 2619 4559 quam
2684 4477 2982 4541 habemus
3030 4477 3106 4540 ad

405 4568 830 4633 excellentiam
880 4588 1053 4633 suam
1102 4571 1164 4632 et
1209 4568 1283 4631 ad
1334 4568 1860 4631 conservationem
1909 4568 2005 4628 sui
2053 4569 2294 4641 status;
2346 4568 2409 4628 et
2455 4566 2767 4629 reddimus
2827 4584 2933 4629 nos
2981 4583 3110 4628 cer-

406 4659 521 4733 toS‚
571 4656 730 4739 quod
777 4657 979 4720 omnis
1024 4656 1387 4721 deliberatio
1435 4656 1600 4719 facta
1645 4656 1708 4718 et
1753 4674 1868 4736 que
1916 4655 2091 4717 fieret
2136 4673 2242 4735 per
2290 4673 2428 4715 eum
2480 4655 2606 4716 tam
2651 4653 2714 4714 in
2760 4653 2874 4715 hoc
2916 4671 3100 4735 quam

406 4744 468 4807 in
515 4744 1000 4826 quibuscumque
1045 4745 1186 4808 aliis
1233 4748 1514 4826 respectu
1561 4761 1781 4825 magne
1826 4741 2145 4823 sapientie,
2196 4761 2310 4823 que
2354 4741 2416 4804 in
2463 4741 2789 4804 maiestate
2855 4757 2966 4802 sua
3012 4738 3102 4801 vi-
