3620 5282
425 314 553 380 328

428 493 676 571 auxili0,
725 492 952 570 favore,
1003 509 1073 556 ac
1120 490 1421 556 adiutorio
1466 490 1755 557 hereticis
1817 492 1881 555 et
1921 490 2291 555 scismaticis
2356 490 2503 574 ipsis
2566 491 2887 554 occasione
2939 488 3155 553 huius-

427 582 595 647 modi
642 579 1148 646 confederationis
1214 598 1321 644 seu
1370 577 1494 662 lige
1539 580 1648 644 aut
1692 579 1949 643 alterius
1996 578 2331 643 cuiuslibet
2372 578 2726 662 paccionis,
2793 595 3155 661 quocunque

427 669 613 733 titulo
662 688 769 734 seu
816 668 1059 732 nomine
1106 668 1447 747 censeatur,
1494 668 1828 749 prestando
1876 685 2122 749 prorsus
2169 667 2522 752 abstineaS,
2571 668 2634 731 et
2686 665 2965 730 subditos
3014 667 3154 729 tuos

427 757 672 821 omnino
719 773 1091 839 compescas.
1139 755 1269 819 Nos
1319 754 1486 819 enim
1526 754 1741 837 ligam,
1806 754 2362 819 confederationem
2408 755 2473 818 et
2518 772 2911 837 quascunque
2959 752 3156 835 pacti-

426 862 573 908 ones
620 844 774 908 alias
820 845 986 907 inter
1030 845 1093 907 te
1140 861 1247 907 seu
1295 841 1750 924 predecessores
1798 844 1939 907 tuos
1986 842 2171 907 duces
2203 842 2614 907 Veneciarum
2648 843 2712 906 et
2743 842 2939 906 dictos
2985 858 3155 904 com-

427 951 609 996 mune
652 931 859 1010 initaS,
908 930 1106 995 factas
1157 934 1221 995 et
1266 930 1514 996 habitas
1577 949 1892 995 cassamus
1938 933 2003 995 et
2049 929 2401 1008 irritamuS,
2446 931 2509 994 et
2568 929 2800 993 nullius
2863 948 2996 994 esse
3042 927 3150 992 de-

427 1019 735 1084 cernimus
798 1018 1034 1084 roboris
1083 1020 1179 1083 vel
1227 1018 1561 1095 momenti,
1630 1037 1816 1101 penas
1864 1019 1928 1082 et
1971 1018 2321 1082 iuramenta
2383 1017 2730 1082 huiusmodi
2780 1017 3148 1081 relaxantes

426 1105 714 1171 Ceterum
761 1106 1112 1171 huiusmodi
1158 1105 1439 1188 precibus
1489 1107 1713 1170 nostris
1759 1105 2081 1183 adicimus,
2130 1108 2201 1169 ut
2247 1124 2335 1184 ea,
2385 1124 2500 1188 que
2544 1105 2909 1169 venerabilis
2956 1104 3152 1168 frater

425 1197 632 1258 noster
672 1194 986 1276 episcopus
1034 1194 1347 1276 paccensis
1390 1193 1724 1275 apostolice
1772 1193 1936 1258 sedis
1984 1193 2276 1271 nunciuS‚
2341 1194 2503 1257 lator
2564 1192 2987 1274 presentium,
3036 1191 3154 1256 tibi

429 1300 612 1363 super
655 1281 770 1346 hoc
817 1301 926 1364 pro
971 1283 1143 1363 parte
1192 1281 1402 1346 nostra
1448 1280 1767 1359 retulerit,
1831 1281 2045 1346 credas
2111 1279 2360 1346 indubie
2384 1331 2399 1360 ,
2461 1280 2690 1362 illaque
2736 1279 2811 1344 ad
2865 1280 3150 1343 effectum

425 1369 628 1434 votive
673 1369 1150 1434 consumationis
1197 1368 1481 1433 adducas,

637 1456 866 1522 Datum
923 1458 1085 1539 apud
1131 1455 1366 1521 Villam
1429 1474 1648 1521 novam
1710 1455 2143 1521 Avinionensis
2205 1454 2460 1521 diocesis
2506 1454 2657 1520 XVI
2703 1455 2827 1520 kal.
2876 1453 3146 1538 augusti,

428 1545 822 1627 pontificatus
869 1545 1067 1609 nostri
1112 1563 1267 1609 anno
1313 1550 1548 1626 quarto.

523 1633 1091 1695 Commemorialium
1149 1635 1210 1695 V.
1262 1638 1363 1712 79,
1410 1652 1453 1695 u
1497 1635 1840 1694 metadkom
1885 1635 2122 1694 arkivu.

838 1846 1262 1932 CCCCXC.
1336 1851 1543 1934 θοὰ.
1598 1849 1826 1933 1356.
1877 1849 1974 1932 18
2029 1851 2352 1952 srpnja,
2405 1871 2467 1930 u
2520 1847 2776 1931 Becu.

431 1976 657 2047 Albert,
704 1977 1021 2050 austrijski
1065 1977 1329 2050 vojvoda,
1381 1978 1720 2050 zahvaljzv'e
1779 1994 1842 2036 se
1886 1978 2203 2050 republici,
2267 1977 2356 2035 sto
2402 1994 2551 2046 ona,
2598 1977 2851 2048 usprkos
2895 1975 3158 2048 m'ezinoj

429 2066 645 2125 zavadi
689 2082 720 2124 s
766 2065 1087 2139 uyar.-hrv.
1126 2065 1390 2137 lambent,
1437 2066 1725 2139 nJeyovim
1769 2065 2092 2138 rodjakom,
2161 2065 2336 2123 bram‘
2393 2065 2630 2138 njeyove
2677 2068 2903 2138 tryovcc
2921 2108 2935 2133 ,
2998 2067 3051 2122 te
3095 2079 3157 2122 se

1179 2153 1466 2226 obvezuje,
1513 2154 1593 2212 da
1638 2153 1699 2212 όε
1741 2153 1766 2209 i
1810 2170 1887 2211 on
1932 2154 2162 2227 njezine
2202 2152 2394 2212 stitia.

637 2290 998 2371 Exemplum
1066 2292 1448 2373 quarundam
1510 2291 1863 2355 litterarum
1925 2292 2257 2354 missarum
2323 2289 2591 2354 dominio
2664 2307 2771 2371 per
2839 2286 3153 2352 dominum

429 2379 645 2442 ducem
687 2377 961 2452 Austrie,
1007 2396 1115 2459 pro
1159 2380 1488 2442 securitate
1518 2381 1954 2443 mercatorum.
2006 2377 2305 2442 Albertus
2354 2376 2452 2441 dei
2477 2377 2681 2458 gratia
2726 2374 2846 2439 dux
2880 2375 3154 2450 Austrie,

430 2465 617 2530 Stirie
665 2469 727 2528 et
774 2464 1043 2529 Carintie
1091 2468 1209 2530 etc.
1258 2466 1449 2531 nobili
1498 2484 1569 2531 ac
1626 2467 1954 2548 magnifico
2017 2464 2267 2528 domino
2330 2465 2556 2529 Joanni
2606 2464 2947 2529 Gradonico
3011 2462 3149 2527 duci

429 2553 833 2618 veneciarum
875 2553 1072 2617 amico
1121 2572 1230 2617 suo
1279 2553 1501 2618 dilecto
1570 2554 1877 2617 sincerum
1942 2553 2220 2617 animum
2278 2551 2717 2634 complacendi.
2784 2552 2874 2615 De
2921 2551 3158 2615 exhibi-

429 2643 593 2706 tione
641 2640 994 2706 securitatis
1043 2641 1275 2724 prefate
1322 2662 1430 2725 per
1478 2662 1580 2707 vos
1625 2643 1857 2706 nostris
1904 2640 2349 2706 mercatoribus
2397 2660 2537 2705 cum
2584 2639 2716 2704 suis
2762 2639 3156 2705 mercationi-

429 2732 542 2793 bus
589 2748 697 2811 per
745 2731 944 2794 terras
990 2732 1249 2807 vestraS,
1300 2749 1420 2795 non
1467 2731 1857 2796 obstantibus
1922 2730 2303 2794 novitatibus
2366 2729 2528 2795 inter
2574 2727 2890 2791 dominum
2941 2746 3153 2810 regem

428 2816 752 2899 Hungarie
800 2827 865 2881 et
907 2836 1014 2880 vos
1060 2819 1269 2894 motis,
1318 2819 1526 2895 grates
1574 2819 1951 2894 refferenteS,
2002 2824 2236 2882 vestros
2283 2817 2472 2881 etiam
2511 2815 2792 2881 homines
2824 2833 2932 2898 per
2958 2817 3157 2880 terras

430 2907 494 2969 et
540 2904 859 2969 districtus
907 2908 1152 2970 nostros
1196 2907 1530 2970 securitate
1574 2905 1762 2988 potiri
1813 2906 2120 2982 volumuS,
2170 2906 2333 2969 sicut
2400 2905 2697 2968 hactenus
2760 2904 2858 2966 est
2903 2921 3162 2968 consue·-

430 2994 560 3057 tum
588 3042 602 3069 ,
652 2995 1038 3075 preterquam
1080 3013 1187 3075 pro
1235 2993 1340 3071 eiS,
1388 2993 1492 3075 qui
1538 2993 1614 3059 ad
1661 3013 1912 3075 presens
1962 2994 2023 3057 in
2064 2993 2336 3057 eiusdem
2365 2991 2528 3074 regis
2555 2991 2893 3072 Hungarie,
2944 2990 3156 3054 fratris

428 3080 623 3145 nostri
672 3080 997 3156 carissimi,
1046 3081 1355 3163 obsequi0,
1426 3082 1490 3145 in
1552 3081 1820 3146 exercitu
1876 3082 2360 3145 commorantur.
2426 3080 2591 3144 Data
2636 3079 2869 3143 Vienne
2916 3078 3155 3143 decimo

428 3168 643 3232 octavo
692 3167 787 3230 die
836 3168 1066 3231 mensis
1114 3168 1267 3231 iulii.

524 3255 1093 3318 Commemorialium
1150 3258 1214 3317 V.
1265 3260 1367 3328 73,
1411 3277 1455 3317 u
1499 3259 1841 3319 mletadkom
1887 3259 2119 3318 arkivu.

649 3460 652 3461 ἢ
729 3470 1206 3555 CCCCXCI.
1279 3472 1486 3556 θοὰ.
1544 3471 1770 3556 1356.
1825 3474 1918 3556 21
1974 3475 2300 3575 srpnja,
2356 3496 2418 3555 u
2472 3471 2861 3554 Mletcih.

428 3598 597 3657 Rada·
639 3597 967 3672 uzapdem’a
1028 3600 1288 3673 tryovine
1344 3598 1655 3658 mletackz'h
1705 3600 2020 3672 ponzan-ilua
2082 3616 2123 3657 a
2174 3597 2411 3674 Olyunu
2467 3600 2675 3671 prima
2733 3615 2826 3669 se,
2890 3600 2971 3657 da
3014 3616 3076 3659 se
3117 3616 3150 3658 ο

490 3691 606 3746 tom
638 3686 774 3759 pise
818 3688 1177 3746 vrhovnomu
1214 3688 1516 3759 kapetanu
1559 3689 1970 3760 pomorskomu
1994 3731 2007 3756 ,
2053 3688 2208 3746 nelca
2249 3704 2311 3747 se
2354 3702 2430 3747 za
2474 3686 2794 3747 ostecenike
2837 3704 3096 3748 zauzme.

646 3821 834 3886 1356.
882 3822 978 3886 die
1022 3822 1175 3889 XXI
1222 3824 1378 3902 iulii,
1429 3827 1645 3907 capta:
1695 3844 1835 3890 cum
1887 3826 2255 3889 mercatores
2301 3826 2364 3889 et
2403 3823 2616 3888 fideles
2664 3825 2855 3889 nostri
2904 3825 2968 3888 in
3016 3842 3158 3907 par-

430 3910 600 3974 tibus
642 3908 913 3974 Avelone
960 3915 1392 3976 conversantes
1417 3913 1735 3995 conquesti
1783 3913 2015 3977 fuerint
2059 3912 2298 3977 noviter
2321 3912 2726 3976 dominationi
2772 3912 2848 3976 de
2895 3913 3155 3994 quodam

430 4017 529 4062 ser
572 3996 782 4062 Lucha
828 3996 902 4061 de
950 3997 1152 4062 Climo
1200 3998 1275 4063 de
1322 3999 1656 4083 Dolcegno,
1705 4000 1807 4082 qui
1857 4019 1965 4083 per
2006 4001 2335 4082 quemdam
2382 4001 2513 4064 eius
2559 3999 2855 4064 factorem
2903 4001 3151 4064 nomine

437 4084 623 4149 Cerzo
673 4086 746 4148 de
811 4085 976 4149 dicto
1020 4085 1153 4150 loco
1213 4087 1456 4152 nomine
1514 4087 1940 4152 doaneriorum
1991 4087 2207 4153 deinde
2274 4088 2484 4170 accepi
2542 4087 2691 4151 fecit
2752 4088 2986 4152 eisdem
3048 4107 3157 4170 per

431 4172 792 4236 violenciam
841 4173 936 4236 tot
982 4192 1244 4254 pannoS,
1294 4174 1398 4256 qui
1447 4176 1651 4239 valere
1712 4177 2004 4257 poterant
2050 4175 2305 4240 ducatos
2350 4173 2446 4240 CC
2493 4175 2661 4250 auri,
2729 4173 3014 4258 fingendo
3063 4195 3146 4253 se,

431 4260 589 4341 quod
634 4258 986 4324 huiusmodi
1035 4280 1265 4343 pannos
1309 4264 1504 4345 accipi
1552 4262 1818 4328 faciebat
1878 4264 2193 4328 occasione
2238 4263 2431 4328 doane
2479 4263 2943 4341 mercationum,
2995 4281 3144 4345 quas

429 4347 831 4428 portaverant
876 4346 1240 4428 Avelonam‚
1291 4350 1356 4413 et
1401 4350 1537 4415 inde
1585 4353 1974 4416 extraxerant
2021 4354 2230 4416 contra
2278 4351 2598 4432 antiquam
2624 4350 3153 4428 consuetudinem,

431 4452 572 4509 cum
619 4434 912 4499 hactenus
961 4453 1201 4518 semper
1251 4436 1482 4502 fuerint
1528 4438 1588 4501 in
1635 4438 1820 4503 dictis
1867 4438 2150 4521 partibus
2197 4437 2456 4515 franchi,
2510 4439 2572 4502 et
2619 4437 2810 4502 nichil
2837 4438 3158 4502 solverunt

430 4521 745 4586 occasione
791 4523 1085 4604 predicta,
1136 4525 1200 4588 et
1236 4524 1397 4588 sicut
1443 4524 1563 4590 fuit
1604 4528 1667 4590 et
1713 4529 1808 4591 est
1870 4526 2133 4591 intencio
2199 4525 2429 4590 domini
2491 4525 2917 4607 imperatorie,
2977 4528 3042 4590 et
3083 4526 3155 4588 de

429 4608 708 4690 predicta
756 4609 1052 4674 violencia
1096 4609 1327 4676 fuerint
1371 4613 1696 4694 protestati
1738 4617 1802 4678 et
1849 4614 2246 4698 probaverint
2274 4614 2386 4677 hec
2415 4613 2715 4696 legitime,
2765 4615 2933 4678 sicut
2972 4613 3155 4696 plene

431 4698 676 4763 constat
720 4695 1134 4779 provisoribus
1178 4697 1372 4763 nostri
1437 4701 1821 4767 communis:
1891 4702 2065 4767 vadit
2123 4719 2263 4784 pars
2286 4750 2301 4780 ,
2373 4700 2532 4783 quod
2579 4700 2888 4765 scribatur
2950 4701 3159 4766 nostro
