3620 5282
3085 383 3171 455 27

425 564 771 629 necessaria
815 566 1043 643 essent,
1091 565 1293 648 parati
1338 582 1617 629 essemus
1664 564 1854 630 etiam
1903 583 2045 629 cum
2091 564 2412 631 incomodo
2452 567 2671 631 ‘nostro
2719 566 2838 631 sibi
2889 565 3168 650 compla-

424 669 595 726 cere;
637 654 741 717 sed
790 652 951 717 sciat
996 652 1127 734 ipse
1174 654 1432 729 bannuS,
1482 654 1640 736 quod
1683 653 2046 717 multotiens
2093 671 2204 717 nos
2249 656 2311 718 et
2352 652 2486 736 ipse
2534 656 2650 719 sub
2713 654 2945 719 talibus
3007 655 3172 719 colo-

424 740 596 804 ribus
637 740 984 823 decipimur
1046 742 1109 805 et
1155 740 1535 805 fraudamur.
1605 739 1702 804 Ad
1765 740 1996 805 factum
2048 741 2264 806 Zanini
2326 742 2402 805 de
2447 740 2817 819 Mediolano,
2882 743 2989 825 qui
3049 741 3172 806 fuit

424 828 709 892 inventus
752 847 893 893 cum
942 827 1584 911 contrabannofquod
1631 828 1707 892 de
1752 829 2048 911 Tergeste
2094 828 2386 911 portabat
2433 848 2645 894 versus
2706 829 2987 904 Jadram,
3033 828 3171 912 plu·

426 915 547 979 ries
594 916 658 980 et
705 934 864 980 nunc
911 917 1133 980 ultimo
1179 935 1287 999 per
1335 915 1835 987 Bartholomeum
1884 916 2192 980 notarium
2243 918 2523 981 nostrum
2549 917 2669 981 sibi
2717 918 3169 1000 respondimus,

426 1002 586 1085 quod
633 1022 741 1086 per
787 1003 1028 1068 ordines
1075 1007 1315 1069 nostros
1366 1005 1528 1068 iuste
1578 1002 1700 1068 fuit
1736 1005 1951 1069 contra
1989 1005 2192 1086 ipsum
2234 1023 2605 1087 processum,
2652 1007 2717 1070 et
2758 1006 2934 1089 largo
2990 1006 3168 1071 modo

425 1092 846 1155 transiverunt
893 1090 1209 1157 offiiciales
1256 1093 1449 1157 nostri
1491 1110 1632 1156 cum
1702 1109 1771 1156 eo
1834 1110 2040 1156 amore
2099 1091 2335 1156 domini
2390 1093 2598 1169 banni,
2662 1095 2726 1158 et
2781 1093 2856 1158 de
2921 1092 3168 1158 residuo

427 1177 993 1260 condempnationis
1042 1179 1094 1244 si
1142 1179 1437 1245 voluisset
1482 1181 1688 1261 petere
1734 1179 2022 1262 gratiam,
2070 1179 2404 1243 fuissemus
2460 1180 2578 1243 sibi
2643 1182 2795 1246 satis
2857 1181 3169 1264 generosi,

428 1271 489 1330 et
532 1267 842 1331 credimus
908 1266 1179 1344 indubie,
1246 1268 1407 1351 quod
1456 1266 1767 1349 responsio
1820 1269 2029 1332 nostra
2087 1266 2432 1332 satisfaciet
2493 1269 2738 1333 domiuo
2804 1270 2956 1352 regi,
3025 1267 3171 1352 quia

291 1430 300 1433 ¹
427 1353 687 1431 ordineS,
736 1355 957 1437 quibus
1004 1355 1136 1437 ipse
1184 1355 1454 1420 Zaninus
1497 1354 1879 1431 contrafecit,
1929 1357 2077 1419 sunt
2121 1355 2556 1437 antiquissimi,
2617 1359 2683 1420 et
2728 1375 2881 1439 quos
2948 1355 3168 1422 violari

434 1441 784 1506 nullatenus
832 1462 940 1523 per
983 1443 1221 1525 aliquos
1267 1445 1622 1526 pateremur
1671 1461 1776 1523 pro
1826 1443 2287 1506 conservatione
2334 1444 2678 1506 necessaria
2712 1446 2916 1509 status
2949 1445 3169 1509 nostri.

430 1529 526 1592 Ad
569 1528 802 1593 factum
851 1530 1115 1595 barcosii
1162 1529 1407 1596 Cervuli
1455 1531 1530 1595 de
1575 1529 1769 1596 Jadra
1816 1531 1880 1594 et
1926 1532 2042 1594 cet.
2079 1531 2542 1612 respondeatur,
2605 1533 2764 1614 quod
2825 1531 2982 1596 illud
3046 1530 3171 1596 fac·

431 1621 563 1680 tum
613 1617 802 1680 etiam
851 1636 962 1699 per
1008 1636 1218 1699 pacem
1269 1619 1544 1701 sopitum
1592 1621 1706 1683 est.
1777 1617 1861 1682 Et
1905 1617 1958 1681 si
2004 1616 2161 1682 forte
2209 1616 2343 1700 ipse
2403 1617 2601 1682 credit
2659 1620 2876 1684 contra
2930 1619 3170 1702 aliquos

430 1704 596 1768 cives
639 1707 878 1769 nostros
922 1705 1024 1787 jus
1071 1707 1315 1790 aliquod
1363 1706 1588 1783 fovere,
1638 1706 1844 1788 potest
1889 1725 1996 1787 per
2043 1725 2108 1770 se
2156 1705 2252 1770 vel
2298 1709 2757 1788 procuratorem
2792 1726 2969 1771 suum
3005 1725 3172 1770 com-

431 1810 645 1872 parere
690 1810 892 1857 coram
935 1794 1127 1872 nobis,
1177 1795 1283 1877 qui
1329 1792 1527 1858 facere
1583 1794 1780 1875 parati
1852 1794 2083 1857 erimus
2145 1792 2268 1857 sibi
2323 1793 2567 1857 iusticie
2626 1795 3170 1877 complementum.

427 1879 667 1944 Ultimo
713 1879 954 1949 dicatur
1001 1882 1218 1959 eidem,
1289 1881 1449 1964 quod
1499 1881 1834 1946 intellectis
1882 1879 2401 1962 responsionibus,
2472 1899 2623 1964 quas
2690 1881 2824 1964 ipse
2885 1881 3170 1946 dominus

428 1967 668 2031 bannus
715 1967 863 2032 fecit
908 1969 1344 2034 Bartholomeo
1392 1970 1630 2034 notario
1677 1989 1863 2052 super
1910 1968 2417 2052 requisitionibus
2463 1969 2580 2033 sibi
2626 1969 2813 2035 factis
2854 1988 2962 2052 pro
2995 1972 3169 2051 parte

426 2058 652 2134 nostra,
703 2055 969 2121 multum
1018 2057 1336 2134 miramur,
1386 2057 1529 2139 quia
1573 2058 1765 2121 nostri
1814 2056 2027 2121 fideles
2073 2056 2137 2120 in
2182 2058 2357 2120 tanta
2402 2059 2467 2121 et
2512 2057 2603 2120 sic
2649 2059 2864 2139 aperta
2922 2057 3171 2122 iustitia

423 2161 634 2208 eorum
681 2142 989 2208 ducuntur
1035 2164 1141 2228 per
1186 2144 1393 2221 verba,
1441 2163 1552 2209 nec
1600 2147 1863 2227 possunt
1908 2145 2132 2209 habere
2177 2143 2636 2209 restitutionem
2673 2145 2975 2209 bonorum
3026 2162 3169 2209 suo-

425 2249 584 2308 rum,
645 2233 709 2295 et
771 2232 1124 2314 specialiter
1186 2231 1487 2298 miramur
1545 2234 1619 2297 de
1680 2232 1813 2314 ipso
1880 2233 2128 2297 domino
2193 2234 2412 2310 banno,
2475 2231 2578 2314 qui
2640 2234 2736 2297 est
2790 2233 3044 2315 sapiens
3106 2233 3172 2297 et

425 2317 591 2382 iusta
637 2338 917 2401 persona,
981 2321 1248 2402 qualiter
1289 2320 1666 2385 audientiam
1728 2321 1828 2385 vel
1889 2319 2073 2384 fidem
2138 2320 2347 2384 exibet
2406 2319 2644 2383 frivolis
2700 2319 3170 2403 operacionibus

425 2405 820 2471 Jadrensium
872 2412 934 2472 et
979 2407 1265 2486 aliorum,
1315 2409 1420 2492 qui
1461 2408 1813 2491 impediunt
1843 2407 2091 2490 negotia
2122 2407 2429 2472 dictorum
2475 2409 2822 2472 nostrorum
2868 2407 3167 2484 fidelium,

427 2493 571 2576 quia
617 2493 749 2576 ipse
798 2496 948 2560 bene
994 2498 1114 2561 scit
1159 2495 1239 2573 id,
1289 2498 1448 2579 quod
1496 2496 1757 2579 requirit
1802 2495 2003 2559 forma
2048 2494 2238 2578 paciS,
2288 2496 2352 2559 et
2385 2495 2528 2579 quia
2561 2499 2771 2560 nostre
2804 2495 3168 2560 intentionis

427 2584 526 2646 est
565 2600 810 2648 servare
858 2603 1007 2665 pure
1055 2603 1287 2667 pacem,
1351 2586 1414 2649 et
1460 2585 1616 2667 quod
1681 2583 1959 2649 servetur
2007 2582 2216 2659 nobis;
2282 2582 2348 2648 et
2408 2583 2603 2647 nostri
2668 2583 2882 2649 fideles
2944 2585 3168 2650 cotidie

428 2670 705 2734 clamant
760 2690 964 2736 coram
1033 2673 1228 2750 nobis,
1291 2672 1537 2756 placeat
1594 2672 1650 2736 ei
1715 2690 1900 2754 super
1960 2670 2080 2736 hiis
2142 2672 2268 2736 tale
2332 2672 2672 2736 remedium
2720 2692 2962 2755 ponere,
3011 2672 3168 2755 quod

429 2776 537 2822 nos
586 2758 648 2822 et
690 2758 841 2823 dicti
894 2761 1089 2824 nostri
1137 2760 1348 2825 fideles
1398 2777 1826 2824 remaneamus
1875 2759 2173 2834 contenti,
2224 2761 2287 2824 et
2332 2760 2491 2841 quod
2540 2776 2661 2824 non
2710 2762 3013 2825 ducantur
3074 2760 3171 2824 ul-

429 2846 621 2910 terius
671 2865 777 2928 per
834 2847 1038 2925 verba,
1104 2848 1268 2913 sicut
1327 2850 1473 2912 sunt
1536 2866 1726 2929 usque
1788 2865 1949 2910 nnnc
2009 2847 2200 2911 ducti.
2268 2845 2442 2925 Quod
2501 2844 2751 2928 quidem
2815 2848 2867 2911 si
2933 2847 3170 2913 factum

429 2932 640 3009 fuerit,
689 2934 862 2999 nobis
909 2936 1201 3017 placebit,
1265 2937 1330 3000 et
1374 2954 1487 3001 nos
1532 2934 1607 2999 ad
1655 2936 2022 2999 servandum
2073 2934 2376 3015 promissa
2436 2933 2619 2998 etad
2668 2934 3170 3018 complacendum

427 3020 484 3084 ei
549 3023 612 3084 et
671 3021 800 3085 suis
852 3021 1260 3087 amicabiliter
1320 3023 1382 3086 in
1447 3022 1752 3099 omnibus,
1817 3040 1932 3105 que
1991 3022 2346 3103 poterimus,
2408 3021 2768 3103 propensius
2835 3022 3163 3087 animabit.

427 3106 659 3187 Capta:
707 3109 867 3190 qnod
919 3112 1205 3176 mittatur
1249 3110 1439 3175 etiam
1486 3110 1563 3174 ad
1612 3110 1810 3174 dictas
1858 3110 2070 3192 partes
2118 3127 2238 3173 una
2282 3107 2593 3173 sufficiens
2625 3127 2883 3190 persona
2914 3110 2993 3175 ad
3039 3109 3154 3174 ter·

409 3195 663 3260 ‘minum
724 3197 1075 3263 ordinatum
1138 3218 1247 3281 per
1309 3199 1538 3262 banum
1591 3216 1708 3281 pro
1769 3196 2048 3262 facienda
2099 3195 2505 3261 extimacione
2553 3197 3012 3279 possessionum
3058 3215 3168 3261 no-

424 3286 693 3348 strorum
740 3286 1074 3349 secundum
1123 3286 1388 3350 formam
1435 3285 1608 3369 pacis
1652 3304 1794 3350 cum
1843 3284 1952 3349 illa
1996 3283 2433 3349 informatione
2479 3284 2648 3348 circa
2693 3283 2808 3350 boc
2873 3290 2937 3349 et
3005 3286 3168 3350 circa

423 3370 547 3435 alia
595 3373 863 3453 negotia,
911 3392 1028 3455 que
1074 3373 1270 3437 nostri
1320 3373 1529 3438 fideles
1590 3373 1890 3438 haberent
1955 3371 2019 3436 in
2077 3371 2204 3436 illis
2265 3370 2544 3454 partibus
2611 3390 2813 3455 agere,
2879 3392 2997 3456 que
3060 3375 3171 3438 do·

425 3459 616 3522 minio
659 3458 833 3523 utilis
880 3462 943 3524 et
989 3460 1332 3525 necessaria
1379 3460 1684 3525 videatur.

508 3548 691 3609 Misti
741 3546 987 3629 XXIX,
1038 3552 1141 3630 51,
1188 3568 1232 3610 u
1274 3551 1426 3611 mlet.
1470 3552 1703 3611 arkivu.

1053 3739 1149 3820 L.
1204 3739 1438 3823 1360.
1493 3737 1587 3821 12
1639 3739 1978 3842 ozujka,
2029 3760 2090 3820 u
2142 3738 2537 3822 Mletclh.

959 3882 1234 3957 Zahtjevi
1296 3885 1454 3943 bana
1513 3884 1871 3959 krvatskoya
1935 3885 2011 3944 od
2068 3885 2348 3944 mleeacke
2411 3885 2600 3945 vlade.

646 3984 831 4061 1360,
881 3985 1212 4051 indictione
1261 3985 1433 4063 XIII,
1475 3985 1573 4051 die
1620 3987 1740 4051 XII
1786 3988 2016 4051 martii.
2081 3986 2482 4070 Infrascripta
2548 3990 2694 4053 suut
2755 3988 3033 4071 capitula
3101 3989 3167 4053 et

429 4071 765 4153 peticiones
814 4074 975 4139 facte
1034 4073 1239 4138 ducali
1302 4073 1573 4139 dominio
1633 4093 1742 4157 per
1804 4075 2229 4140 ambaxatores
2293 4074 2520 4139 domini
2585 4075 2767 4140 banni
2818 4074 3161 4140 Sclavenie.

430 4159 660 4239 Primo,
710 4163 1170 4243 conqueruntur
1215 4160 1453 4226 nobiles
1514 4162 1581 4226 et
1639 4163 1966 4244 populares
2025 4162 2234 4239 Jadre,
2302 4162 2459 4245 quod
2523 4163 2804 4245 tempore
2859 4164 3027 4245 pacis
3089 4163 3165 4227 de

431 4249 725 4312 mandato
779 4248 1036 4313 dominii
1082 4250 1493 4314 Venectorum
1540 4269 1646 4331 per
1700 4249 1974 4333 regimen
2031 4249 2304 4315 civitatis
2350 4248 2539 4315 Jadre
2598 4251 2851 4332 accepta
2916 4250 3165 4314 fuerunt

424 4333 653 4400 eisdem
722 4354 894 4400 arma
954 4337 1227 4401 omnium
1292 4341 1356 4402 et
1414 4335 1802 4420 singulorum
1866 4335 2092 4402 civium
2141 4341 2203 4401 et
2249 4337 2638 4401 subditorum
2684 4338 2814 4401 tam
2864 4337 3166 4403 deffensa-

427 4421 578 4487 bilia
601 4443 805 4507 quam
856 4423 1230 4490 offensibilis
1290 4423 1542 4489 maximi
1609 4424 1833 4489 valoris
1889 4426 1954 4489 et
2006 4424 2069 4488 in
2134 4425 2402 4490 maxima
2461 4425 2832 4506 quantitate,
2898 4444 3159 4509 quorum

422 4512 642 4591 petunt
686 4511 1148 4576 restitutionem
1202 4512 1297 4576 vel
1343 4511 1712 4577 solutionem
1762 4511 1881 4577 sibi
1926 4512 2060 4578 fieri
2099 4532 2238 4578 cum
2286 4512 2526 4588 effectu,
2574 4514 2639 4577 et
2684 4514 2844 4596 quod
2876 4513 3163 4579 dominus

419 4596 658 4662 bannus
706 4598 872 4664 dicto
920 4598 1192 4664 dominio
1239 4618 1346 4681 pro
1390 4598 1485 4664 sui
1532 4601 1709 4683 parte
1755 4598 2106 4683 significare
2153 4599 2441 4683 dignetur
2472 4603 2535 4664 et
2566 4598 2722 4665 scire
2755 4618 3160 4683 posseremuS,

418 4684 565 4766 quid
611 4685 830 4751 ducale
877 4686 1217 4752 dominium
1267 4686 1546 4752 intendat
1607 4687 1808 4752 facere
1869 4705 2053 4768 snper
2115 4686 2277 4752 inde.
2337 4689 2496 4752 Item
2559 4688 2739 4753 modo
2803 4705 2921 4771 quo
2972 4705 3162 4770 supra

417 4772 735 4853 querelam
783 4776 1197 4856 exposuerunt
1241 4773 1522 4839 homines
1568 4772 1998 4839 universitatis
2037 4774 2216 4858 Pagi,
2290 4776 2450 4857 quod
2496 4775 2774 4858 tempore
2834 4773 3160 4858 regiminis
