3620 5282
498 342 580 411 12

912 524 1243 606 XXXI.
1298 523 1506 608 God.
1559 523 1785 613 1359.
1843 527 1896 608 6
1949 525 2273 628 srpnja.
2328 526 2414 606 iz
2468 524 2809 609 Srbske.

496 653 817 712 Poslanica
862 652 1190 725 Ljudevita
1233 652 1566 726 aqam-hro.
1612 652 1816 721 laralia
1854 670 1937 710 na
1982 652 2207 710 Nikolu
2253 651 2612 726 hrvatskoqa
2652 653 2832 723 bana,
2880 652 3070 726 kojom
3118 669 3222 711 mu

624 740 853 810 natale,
894 741 1050 800 nelca
1088 741 1326 814 povrati
1370 740 1602 814 imam'a
1646 740 1927 813 njekojim
1959 740 2323 812 podavzikom
2368 739 2736 813 stanujudim
2781 757 2825 799 u
2871 738 3098 800 Zadru.

714 858 904 941 Copia
964 858 1319 923 litterarum
1382 857 1892 923 transmissarum
1951 858 2151 924 banno
2227 857 2536 923 Dalmatie
2597 878 2783 943 super
2827 858 3228 924 extimatione

497 946 960 1032 possessionum
1022 945 1420 1012 Jadrensium
1486 948 1551 1010 et
1632 946 2010 1011 Nonensium
2077 948 2198 1011 etc.
2261 966 2370 1030 per
2430 945 2746 1011 dominum
2793 965 3001 1030 regem
3049 946 3228 1009 Hun-

493 1036 686 1115 garie‚
734 1037 799 1099 et
842 1033 1286 1099 conductarum
1346 1052 1451 1115 per
1511 1033 2023 1098 Bartholomeum
2087 1034 2272 1099 Ursio
2333 1035 2405 1098 de
2452 1034 2723 1098 exercitu
2773 1051 2882 1099 suo
2926 1032 3226 1098 existente

493 1124 553 1187 in
605 1121 835 1188 Servia.
884 1120 1141 1186 Nicolao
1188 1121 1385 1185 banno
1448 1121 1764 1185 Dalmatie
1825 1124 1889 1185 et
1936 1119 2241 1186 Chroatie.
2299 1120 2615 1185 Noveritis
2682 1140 2790 1186 nos
2852 1120 3007 1185 alias
3070 1121 3225 1185 scri-

492 1210 694 1294 psisse
757 1208 1163 1274 Jadrensibus
1238 1226 1421 1291 super
1475 1208 1639 1274 facto
1710 1208 2130 1273 extimationis
2188 1207 2637 1292 possessionum
2706 1207 3101 1273 Venetiarum
3162 1208 3227 1272 et

494 1316 743 1362 suornm
790 1295 1064 1361 fidelium
1112 1294 1508 1360 existentium
1542 1296 1603 1359 in
1635 1295 1829 1361 Jadra
1874 1297 1938 1360 et
1968 1295 2145 1361 Nona
2189 1315 2262 1361 ac
2308 1295 2699 1360 restitutione
2744 1296 3039 1360 bonorum
3086 1293 3225 1360 Ma·

493 1384 617 1449 rini
663 1384 737 1448 de
784 1383 1126 1449 Canarento
1172 1384 1236 1447 et
1280 1383 1443 1447 Zone
1487 1382 1562 1448 de
1609 1382 1820 1448 Pizolo
1866 1385 1931 1448 et
1968 1383 2252 1460 aliorum,
2301 1385 2374 1448 ut
2420 1402 2491 1447 ea
2525 1385 2590 1448 et
2620 1385 2910 1449 contenta
2956 1383 3018 1447 in
3077 1400 3226 1465 pace

491 1472 835 1537 executioni
886 1470 1266 1535 mandarent.
1318 1469 1446 1544 Set,
1480 1473 1664 1553 prout
1709 1470 2039 1536 habuimus
2080 1491 2189 1554 per
2249 1471 2757 1535 Bartholomeum
2805 1470 3088 1535 nuntium
3137 1518 3153 1535 .
3203 1520 3219 1536 .

491 1558 663 1635 ducis
727 1560 792 1623 et
838 1609 853 1623 .
904 1605 920 1621 .
970 1609 985 1623 .
1033 1557 1379 1623 communis
1440 1559 1840 1623 Venetiarum
1890 1559 2235 1631 amicorum
2275 1560 2646 1635 nostrorum,
2696 1577 2889 1641 usque
2930 1575 3091 1622 nunc
3136 1555 3223 1621 nil

490 1648 588 1711 est
634 1645 887 1711 factum.
934 1644 1135 1725 Quare
1183 1643 1546 1709 mandamus
1578 1644 1865 1710 fidelitati
1931 1648 2131 1710 vestre
2191 1645 2454 1710 firmiter
2514 1648 2578 1710 et
2638 1646 2937 1724 districte,
3012 1646 3228 1727 quate-

490 1753 606 1798 nus
663 1732 870 1797 omnia
917 1732 1191 1815 predicta
1258 1750 1365 1797 vos
1411 1732 1749 1797 executioni
1784 1735 2076 1798 mandare
2123 1732 2418 1811 debeati8‚
2482 1752 2623 1798 cum
2684 1734 2880 1797 simus
2939 1731 3226 1815 dispositi

490 1820 697 1886 omnia
755 1820 1059 1904 premissa
1103 1818 1352 1903 penitus
1415 1819 1754 1898 attendere,
1803 1822 1869 1884 et
1914 1820 2355 1886 inviolabiliter
2400 1820 2742 1885 observare.
2810 1820 3222 1898 Declarando‚

490 1906 651 1991 quod
714 1910 920 1972 nostre
966 1906 1329 1971 intentionis
1375 1909 1489 1983 est,
1537 1910 1608 1971 ut
1652 1906 1819 1971 dicte
1865 1910 2303 1990 possessiones,
2353 1908 2518 1972 facta
2563 1908 2639 1971 de
2685 1907 2836 1988 ipsis
2884 1908 3053 1972 iuxta
3100 1905 3227 1971 for-

489 2013 660 2059 mam
724 1994 896 2078 pacis
958 1994 1379 2072 extimatione‚
1426 1993 1747 2059 solvantur
1792 1995 1868 2059 de
1917 1996 2172 2076 pecunia
2231 1994 2643 2078 predictorum
2708 1995 3106 2061 Jadrensium
3161 1995 3226 2058 et

492 2081 875 2147 Nonensium
934 2082 1034 2146 vel
1096 2084 1322 2158 nostra,
1369 2081 1423 2144 si
1470 2082 1645 2146 nobis
1690 2081 1982 2165 placebit,
2046 2102 2220 2147 secus
2289 2084 2351 2148 in
2421 2083 2740 2166 premissis
2810 2082 3065 2166 intuijtu
3118 2100 3225 2146 no-

492 2172 621 2235 stre
670 2169 871 2252 gratie
918 2187 1033 2233 non
1083 2167 1343 2233 facturi.
1374 2170 1604 2234 Datum
1649 2174 1768 2234 etc.
1817 2170 1906 2235 VI
1952 2169 2109 2235 iulii.

583 2255 1154 2322 Commemorialium
1211 2256 1304 2319 VI
1346 2262 1445 2329 67,
1487 2278 1529 2318 u
1571 2260 1727 2321 mlet.
1777 2261 2008 2319 arkivu.

930 2448 1304 2530 XXXII.
1363 2447 1589 2533 1359.
1645 2450 1687 2531 1
1742 2449 2191 2549 kolovoza‚
2247 2473 2305 2531 u
2359 2450 2754 2533 Mletclh.

703 2588 1127 2655 Deliberatum
1184 2590 1380 2672 „quod
1408 2590 1693 2656 mittatur
1725 2609 1883 2655 unus
1933 2592 2208 2656 notarius
2241 2590 2408 2656 curie
2450 2590 2526 2656 ad
2575 2588 2923 2656 faciendum
2969 2609 3224 2672 respon-

491 2679 726 2743 sionem
777 2678 1106 2743 baronibus
1168 2677 1494 2742 Sclavonie
1555 2698 1737 2760 super
1806 2679 2012 2743 literis
2077 2679 2251 2743 nobis
2316 2679 2526 2743 missis
2592 2698 2699 2762 per
2745 2698 2850 2744 eos
2897 2698 3005 2762 pro
3053 2679 3215 2743 facto

495 2767 710 2830 Zanini
758 2766 834 2831 de
879 2765 1075 2832 Jadra
1117 2766 1193 2830 de
1238 2765 1651 2830 contrabanno
1684 2764 1739 2829 ei
1772 2767 2024 2848 accepto
2054 2773 2079 2799 ‘⁴
2136 2767 2206 2829 In
2252 2767 2551 2850 Tergesto
2612 2766 2871 2848 recipiat
2918 2767 3213 2831 informa-

495 2853 723 2919 tionem
773 2855 847 2918 de
896 2854 1026 2937 ipso
1095 2853 1276 2931 facto,
1342 2857 1407 2917 et
1467 2853 1684 2917 deinde
1728 2853 1919 2918 vadat
1963 2855 2038 2918 ad
2081 2854 2341 2919 barones
2397 2856 2506 2929 „ad
2555 2852 2902 2918 faciendum
2953 2854 3072 2918 sibi
3118 2872 3218 2917 re-

492 2943 900 3024 sponsionem,
949 2944 1013 3006 et
1059 2941 1548 3007 excusationem“
1603 2941 1657 3005 si
1698 2942 1998 3024 repererit
2044 2961 2255 3006 verum
2301 2960 2456 3018 esse,
2506 2942 2667 3024 quod
2713 2941 3106 3026 scripserant.

576 3032 759 3091 Misti
808 3029 1057 3092 XXIX.
1111 3033 1214 3103 18,
1260 3052 1302 3092 u
1348 3033 1499 3092 mlet.
1543 3032 1776 3091 arkivu.

1017 3222 1405 3302 xxxin.
1462 3219 1689 3303 1359.
1743 3220 1794 3303 2
1850 3221 2138 3321 ruma,
2193 3243 2251 3301 u
2307 3220 2704 3303 Mletcih.

712 3341 928 3425 Capta,
977 3343 1139 3426 quod
1188 3343 1481 3407 mittatur
1526 3346 1802 3410 notarius
1850 3347 1926 3409 ad
1975 3345 2203 3409 banum
2245 3343 2568 3410 Sclavonie
2622 3346 2733 3420 „ad
2768 3340 3218 3426 procurandum

502 3429 993 3495 observationem
1041 3431 1211 3514 pacis
1256 3433 1321 3496 et
1365 3432 1784 3497 executionem
1833 3432 2183 3498 litterarum
2233 3432 2558 3514 regalium,
2601 3435 2664 3495 et
2720 3431 3219 3495 reformationem

494 3536 729 3594 eorum,
776 3536 891 3599 que
938 3518 1166 3583 debent
1211 3518 1526 3583 reformari
1573 3537 1680 3600 pro
1731 3520 1910 3583 nobis
1958 3523 2020 3585 et
2063 3521 2290 3584 nostris
2337 3519 2622 3584 fidelibus
2669 3522 2734 3582 et
2778 3518 3210 3602 sequacibus;“

493 3603 719 3669 deinde
764 3603 952 3669 vadat
995 3605 1069 3670 ad
1117 3625 1353 3689 regem,
1399 3610 1464 3671 et
1508 3605 1679 3671 dicat
1720 3607 1776 3670 ei
1825 3607 1887 3670 in
1936 3607 2098 3672 facto
2149 3607 2445 3671 Beltrami
2495 3606 2569 3670 de
2616 3608 2830 3672 Tarsia
2876 3608 2940 3669 et
2985 3603 3219 3669 Guerre

488 3692 566 3756 de
615 3691 831 3757 Castro
872 3695 1110 3758 Franco
1155 3697 1348 3776 „quod
1408 3694 1722 3757 occasione
1778 3694 2151 3775 adhesioniS‚
2213 3712 2411 3777 quam
2460 3695 2578 3757 sibi
2624 3695 2916 3762 fecerunt,
2979 3690 3215 3755 nullam

493 3782 856 3860 receperunt
884 3768 1006 3845 vel
1056 3781 1397 3862 reciperent
1444 3781 1622 3845 modo
1667 3781 1873 3863 aliquo
1919 3782 2275 3858 novitatem,
2322 3781 2426 3844 sed
2494 3782 2689 3845 multo
2753 3783 3028 3860 tempore
3074 3781 3219 3841 ante
3259 3843 3264 3849 ,

490 3868 831 3932 adventum
880 3887 1058 3932 suum
1108 3869 1172 3932 in
1234 3867 1622 3933 Trivisanam
1681 3872 1931 3950 propter
1988 3869 2295 3933 demerita
2336 3872 2399 3930 et
2444 3888 2728 3933 excessus
2776 3887 2917 3932 suos
2965 3865 3218 3929 fuerunt

489 3956 807 4036 dampnati
885 3974 990 4038 pro
1065 3955 1400 4020 rebellibus
1447 3958 1512 4018 et
1553 3956 1966 4037 proditoribus
2015 3957 2241 4021 nostris
2288 3959 2351 4019 et
2398 3974 2608 4019 eorum
2660 3957 2818 4019 bona
2862 3955 3213 4027 confiscata,

489 4044 579 4107 ita
624 4044 780 4123 quod
829 4060 948 4106 non
995 4045 1143 4107 sunt
1186 4042 1263 4107 de
1310 4041 1567 4107 inclusis
1629 4044 1689 4106 in
1737 4061 1886 4124 pace
1931 4046 2231 4125 quantum
2278 4041 2359 4107 ad
2405 4044 2581 4119 hoc“‚

578 4132 760 4192 Mistz·
811 4130 1064 4192 XXIX.
1104 4135 1211 4202 24,
1258 4151 1300 4191 u
1344 4134 1497 4192 mlet.
1543 4134 1776 4192 arkivu.

862 4319 1240 4408 xxxw.
1297 4320 1507 4403 eon.
1563 4320 1788 4403 1359.
1843 4319 1892 4402 5
1946 4323 2231 4423 muna,
2284 4343 2342 4401 u
2397 4299 2848 4403 sibonum.

496 4443 788 4503 Hrvatski
832 4448 951 4506 ban
996 4448 1219 4506 Nikola
1265 4447 1379 4507 Zec
1422 4449 1694 4522 zahtjwa
1739 4449 1816 4508 od
1870 4449 2148 4508 mletaeke
2192 4449 2362 4507 vlade
2409 4449 2700 4507 naknadu
2743 4464 2818 4508 za
2863 4447 3032 4520 njeke
3075 4445 3220 4503 §tete

1178 4536 1450 4608 ulfinjene
1496 4536 1712 4594 dvama
1759 4537 1837 4595 od
1880 4536 2172 4609 ΙεναζίειιΙι
2206 4536 2541 4609 podanika.

704 4654 1066 4735 Exemplum
1131 4656 1535 4737 quarumdam
1597 4655 1948 4720 litterarum
2013 4655 2339 4719 missarum
2390 4655 2588 4719 ducali
2635 4652 2905 4719 dominio
2953 4672 3062 4736 per
3104 4650 3221 4714 Ni-

493 4736 734 4806 colaum
781 4739 856 4802 de
903 4738 1015 4809 Sez
1062 4741 1289 4810 banum
1336 4742 1673 4814 Sclavonie.
1721 4742 2118 4830 Aliquociens
2165 4742 2526 4826 scripsimus
2574 4743 2864 4825 rogando,
2910 4742 3217 4823 quatenus
