3620 5282
3038 403 3121 468 21

385 569 449 633 et
494 568 712 632 multis
762 565 963 632 verbis
1014 567 1310 632 indutivis
1358 571 1423 633 et
1467 568 1914 634 conservativis
1960 568 2191 634 amoris
2237 571 2302 635 et
2347 568 2760 637 benivolentie
2816 574 2978 640 inter
3024 578 3132 642 do-

387 656 647 720 minium
694 656 968 720 vestrum
1014 658 1075 720 et
1124 657 1347 738 ipsum,
1418 657 1549 738 ipse
1596 656 1752 721 dixit
1797 657 1972 733 mihi,
2023 659 2179 740 quod
2227 658 2496 722 dominio
2547 662 2749 725 vestro
2806 661 2971 726 istud
3029 666 3130 729 de-

387 747 683 820 notarem,
733 746 798 808 et
843 744 1004 825 apud
1056 762 1158 809 vos
1206 746 1369 807 esset
1410 745 1735 820 secretum,
1782 744 2087 819 videlicet,
2136 746 2314 828 quod,
2365 747 2415 810 si
2454 764 2572 811 non
2606 746 2872 813 faciebat
2903 751 3130 815 dictam

389 832 868 909 restitucionem,
921 850 1039 896 non
1089 830 1573 909 admiraremini,
1626 850 1770 896 nam
1819 833 1947 897 tale
1994 835 2318 898 consilium
2367 834 2686 913 habuerat,
2757 838 2915 919 quod
2965 838 3132 905 nullo

386 919 565 984 modo
616 919 939 984 restituere
986 921 1227 1000 poterat
1272 920 1526 985 servado
1574 921 1799 985 honore
1848 940 1976 997 suo,
2029 921 2146 986 nisi
2194 921 2395 1003 primo
2468 923 2817 988 notificaret
2881 926 3131 991 domino

388 1008 538 1090 regi,
583 1008 862 1090 quamvis
910 1006 1173 1071 firmiter
1221 1007 1475 1084 sciebat,
1526 1010 1684 1090 quod
1734 1007 1902 1072 dicta
1947 1009 2260 1074 restitutio
2322 1010 2456 1075 fieri
2515 1009 2794 1090 debebat,
2860 1015 2924 1077 et
2985 1014 3135 1080 licet

350 1094 494 1158 ·ille
558 1094 655 1159 vel
718 1094 846 1172 illi,
911 1095 1014 1178 qui
1076 1114 1195 1159 non
1255 1097 1588 1178 potuerant
1648 1097 1922 1174 vendere,
1990 1096 2413 1174 vendiderunt,
2477 1098 2632 1163 forte
2693 1100 2937 1165 domino
2987 1098 3132 1184 'regi

389 1183 660 1266 placebit
705 1182 905 1246 dictas
954 1182 1133 1247 villas
1183 1202 1289 1265 pro
1337 1185 1611 1266 pecunia.
1660 1184 1789 1266 Ego
1838 1186 2068 1261 autem,
2119 1185 2363 1249 domine
2412 1186 2515 1271 mj,
2567 1186 2798 1265 videnS,
2868 1190 3133 1271 qualiter

388 1274 510 1335 ista
551 1271 793 1352 placent
833 1271 1079 1335 domino
1104 1271 1310 1335 banno
1362 1273 1607 1353 propter
1656 1271 1960 1336 notabiles
1995 1272 2271 1336 redditus
2306 1273 2686 1352 earumdem,
2735 1295 2885 1357 quos
2921 1276 3129 1355 habet,

388 1361 453 1424 et
497 1359 797 1441 cogitanS,
848 1377 923 1422 ne
971 1358 1148 1423 vellit
1193 1378 1300 1441 pro
1349 1361 1520 1424 tanto
1570 1359 1773 1441 precio
1820 1360 1984 1423 sicut
2031 1360 2426 1424 constiterint
2487 1360 2653 1426 dicto
2712 1382 2814 1427 ser
2861 1364 3130 1442 Marin0,

390 1447 536 1527 quia
581 1446 854 1529 precium
904 1446 1060 1535 satis
1109 1447 1241 1511 leve
1288 1451 1383 1511 est
1428 1447 1500 1511 ad
1550 1451 1895 1529 respectum
1946 1446 2191 1512 affictus
2240 1449 2303 1511 et
2333 1446 2634 1524 redditus,
2683 1449 2828 1527 dixi,
2865 1451 3132 1532 qualiter

390 1553 572 1615 super
616 1534 741 1598 ista
785 1534 1043 1598 materia
1082 1536 1373 1616 tanquam
1445 1535 1696 1599 nuntius
1758 1535 1946 1599 vestri
2011 1535 2266 1599 dominii
2326 1535 2560 1600 nullam
2629 1537 3130 1604 informacionem

387 1623 745 1698 habueram,
807 1621 914 1685 sed
975 1623 1269 1703 tanquam
1318 1622 1789 1687 Bartholomeus
1854 1623 2153 1700 dicebam,
2211 1622 2390 1706 quod,
2455 1624 2739 1706 quamvis
2806 1625 2968 1689 idem
3033 1645 3132 1690 ser

388 1710 690 1774 Marimus
742 1727 855 1772 non
905 1712 1069 1775 esset
1117 1710 1453 1791 dispositus
1497 1711 1573 1774 ad
1621 1711 2028 1789 vendendum,
2093 1714 2301 1775 tamen
2347 1713 2765 1794 cognoscendo
2825 1713 3128 1777 sinceram

387 1797 892 1871 benivolentiam,
942 1816 1127 1881 quam
1175 1816 1323 1881 erga
1366 1797 1683 1861 dominum
1733 1817 1944 1879 regem
1992 1800 2055 1863 et
2102 1799 2304 1881 ipsum
2367 1798 2631 1876 habetis,
2696 1801 2760 1863 et
2824 1802 3132 1882 proprimo

388 1885 616 1949 habere
661 1885 1006 1961 intenditis,
1080 1904 1201 1950 non
1247 1885 1628 1962 dubitabam,
1677 1888 1836 1968 quod
1896 1886 2400 1970 quandocumque
2463 1888 2574 1950 aut
2637 1906 2742 1968 per
2807 1888 3128 1952 dominum

389 1992 595 2055 regem
644 1975 755 2037 aut
803 1992 907 2054 per
949 1972 1154 2054 ipsum
1203 1991 1384 2054 super
1431 1973 1564 2055 ipsa
1609 1974 1870 2038 materia
1916 1974 2180 2038 dominio
2230 1975 2429 2039 vestro
2477 1974 2913 2053 scriberentur,
2964 1974 3128 2057 quod

390 2062 550 2125 vices
612 2064 848 2125 vestras
894 2062 1056 2142 apud
1113 2060 1349 2125 dictum
1412 2080 1511 2125 ser
1558 2060 1868 2125 Marinum
1932 2062 2429 2144 interponeretiS,
2492 2066 2554 2127 et
2614 2065 2972 2145 possetenus
3038 2062 3129 2126 in-

386 2150 690 2212 duceretis
754 2167 893 2213 eum
943 2148 1020 2211 ad
1061 2148 1290 2213 eisdem
1333 2148 1868 2231 complacendum;
1923 2149 2029 2213 sed
2078 2150 2362 2214 dominus
2405 2169 2509 2214 rex
2552 2151 2617 2214 et
2663 2151 2793 2234 ipse
2828 2151 3131 2233 loquendo

388 2256 527 2301 cu1n
576 2238 740 2300 omni
783 2237 1133 2301 reverencia
1178 2237 1483 2301 debebant
1536 2236 1942 2314 considerare,
1996 2240 2155 2320 quod
2202 2239 2447 2320 quando
2503 2237 2670 2302 dicte
2711 2238 3131 2320 possessiones

386 2325 741 2389 devenerint
797 2324 870 2388 ad
915 2343 1135 2388 manus
1183 2324 1333 2389 dicti
1382 2344 1481 2389 ser
1528 2324 1773 2401 Marini,
1835 2344 1933 2389 res
1979 2327 2158 2389 erant
2203 2324 2265 2388 in
2336 2326 2625 2408 centuplo
2673 2326 2914 2390 meliori
2978 2326 3126 2404 foro,

386 2432 572 2495 quam
640 2432 802 2476 nunc
864 2413 1079 2489 erant,
1147 2412 1308 2494 quod
1368 2413 1692 2495 diruynate
1766 2414 1831 2476 et
1894 2413 2208 2477 devastate
2264 2415 2329 2477 et
2404 2416 2620 2496 postea
2700 2413 3128 2496 centumplum

389 2500 706 2565 meliorate
749 2504 880 2564 tam
929 2499 991 2563 in
1039 2500 1442 2565 hedisficando
1490 2502 1709 2565 domus
1755 2500 1830 2565 de
1877 2520 2030 2565 novo
2076 2502 2139 2565 et
2184 2500 2562 2565 mollendina
2609 2520 2793 2584 quam
2845 2502 2908 2565 in
2954 2518 3131 2584 repa-

387 2589 575 2653 rando
622 2589 687 2653 et
732 2587 1209 2653 rehedifficando
1258 2589 1458 2653 multa
1504 2588 1629 2654 alia
1669 2588 1851 2653 utilia
1902 2590 1966 2653 et
2012 2589 2378 2669 necessaria,
2451 2607 2523 2654 ac
2582 2588 2778 2654 eciam
2824 2589 3132 2654 debebant

386 2676 771 2743 considerare
803 2677 1046 2742 labores
1079 2680 1141 2740 et
1173 2696 1466 2760 expensas
1492 2676 1916 2743 intolerabiles
1948 2696 2110 2754 θυαε,
2146 2680 2209 2742 et
2255 2679 2398 2761 quia
2437 2678 2604 2742 istud
2633 2680 2766 2744 erat
2798 2678 3127 2754 modicum,

386 2767 545 2848 quod
590 2766 680 2829 eis
712 2766 920 2847 pocius
957 2763 1265 2830 debebant
1313 2766 1651 2848 prospicere
1702 2783 1808 2847 pro
1859 2764 2084 2829 honore
2128 2784 2238 2829 suo
2284 2764 2361 2830 ad
2408 2765 2772 2830 solvendum
2820 2784 2920 2829 eas
2968 2766 3130 2829 iusto

386 2854 607 2935 preci0,
647 2871 831 2935 quam
865 2852 1048 2917 aliter
1079 2853 1401 2935 procedere
1436 2855 1496 2916 in
1530 2871 1695 2928 casu,
1732 2871 1850 2934 quo
1883 2856 2049 2916 esset
2082 2853 2418 2934 dispositus
2453 2852 2768 2917 vendendi.
2803 2852 2887 2916 Et
2910 2852 3001 2916 sic
3033 2872 3130 2917 re-

387 2944 744 3005 manserunt
774 2940 960 3005 verba
995 2941 1134 3004 ista.
1187 2940 1523 3023 Postquam
1560 2939 1803 3004 domine
1837 2940 1921 3003 mi
1968 2940 2124 3004 dixit
2162 2941 2358 3004 eciam
2393 2939 2602 3016 michi,
2658 2940 2820 3022 quod
2854 2941 2976 3004 ista
3004 2940 3130 3005 alia

382 3031 568 3093 verba
600 3047 712 3092 sua
752 3029 1020 3092 dominio
1070 3030 1270 3092 vestro
1301 3028 1676 3106 denotarem,
1728 3031 1791 3092 et
1839 3030 1995 3110 quod
2032 3046 2218 3110 penes
2266 3046 2407 3090 eum
2440 3028 2647 3093 essent
2693 3026 3127 3105 secretissima,

384 3117 591 3181 silicet
622 3118 802 3198 quod,
853 3117 1013 3181 sicut
1044 3117 1281 3179 sciebat
1310 3116 1659 3180 dominacio
1688 3117 1909 3187 vestra,
1942 3115 2073 3197 ipse
2105 3115 2376 3179 habebat
2410 3114 2527 3179 duo
2559 3132 2749 3198 regna
2795 3115 2875 3178 ad
2905 3116 3129 3197 guber-

385 3204 676 3277 nandum,
719 3205 1009 3268 videlicet
1041 3203 1423 3267 Dalmatiam
1467 3206 1530 3268 et
1563 3203 1949 3273 Crohaciam,
1997 3204 2110 3268 sub
2157 3204 2381 3286 quibus
2429 3205 2605 3267 erant
2636 3203 2772 3266 loca
2817 3204 2881 3267 et
2910 3203 3128 3285 gentes

383 3293 446 3355 in
508 3291 872 3374 quantitate,
938 3296 1002 3355 et
1058 3309 1163 3354 vos
1224 3291 1421 3355 eciam
1486 3290 1810 3355 habebatis
1873 3291 2010 3356 loca
2071 3293 2135 3354 et
2194 3291 2408 3373 gentes
2474 3290 2537 3355 in
2591 3290 2957 3373 quantitate,
3020 3289 3126 3372 qui

384 3381 543 3443 forte
591 3397 706 3443 nen
754 3381 899 3442 sunt
945 3380 1123 3443 unius
1171 3378 1444 3442 eiusdem
1495 3379 1672 3457 velle,
1734 3378 1885 3444 licet
1946 3378 2071 3443 sint
2135 3377 2533 3461 principatuS,
2600 3381 2808 3441 tamen
2871 3378 3128 3459 rogabat

387 3487 510 3546 voS,
563 3468 723 3550 quod
771 3466 1274 3549 quandocumque
1319 3466 1529 3548 aliqua
1578 3469 1815 3532 novitas
1864 3466 2237 3531 vestratibus
2284 3485 2390 3549 per
2436 3483 2581 3530 suos
2644 3464 3124 3547 impenderetur,

383 3555 547 3639 quod
589 3574 696 3637 per
743 3557 1023 3618 vestrum
1069 3554 1409 3617 dominium
1458 3555 1574 3618 sibi
1624 3555 2105 3629 notificarentur,
2157 3572 2302 3618 nam
2350 3573 2459 3637 per
2505 3572 2646 3619 eum
2681 3553 3128 3618 reformaretur

381 3644 718 3708 secundum
766 3642 1030 3706 formam
1077 3642 1264 3724 paciS,
1312 3640 1459 3723 quia
1523 3646 1621 3706 est
1679 3642 2023 3726 dispositus
2087 3659 2224 3706 eam
2293 3641 2735 3706 inviolabiliter
2801 3641 3126 3705 observare

384 3733 448 3795 et
509 3730 680 3795 vobis
748 3733 812 3796 et
875 3730 1247 3796 vestratibus
1304 3748 1442 3794 cum
1507 3730 1733 3794 honore
1795 3731 1890 3796 sui
1956 3728 2187 3793 domini
2245 3730 2308 3793 et
2366 3747 2475 3793 suo
2516 3728 2578 3793 in
2626 3728 2912 3792 omnibus
2956 3745 3126 3791 com-

383 3819 658 3900 placere:
719 3819 838 3896 cui,
888 3818 1129 3882 domine
1178 3818 1283 3896 mi,
1336 3818 1717 3899 regraciatus
1766 3817 1874 3894 sui,
1925 3820 1995 3882 ut
2040 3815 2266 3893 decuit,
2331 3835 2470 3882 cum
2535 3816 2735 3881 verbis
2796 3813 3127 3879 honorabi-

380 3907 547 3970 libus
610 3910 673 3970 et
747 3906 1021 3970 honestis
1083 3909 1406 3986 tamquam
1471 3907 1727 3970 nuncius
1792 3908 2032 3982 vester,
2112 3903 2219 3967 sed
2293 3907 2585 3987 tanquam
2649 3901 3126 3967 Bartholomeus

382 4013 523 4058 cum
570 3994 738 4058 omni
782 3993 1131 4059 reverencia
1169 3992 1505 4057 domestice
1537 3992 1990 4069 dicebamsibi,
2040 3990 2198 4075 quod
2235 3992 2571 4055 secundum
2615 3991 2882 4072 primum
2922 3988 3125 4053 visum

380 4086 817 4164 unusquisque,
890 4082 995 4164 qui
1055 4081 1171 4145 hec
1235 4079 1499 4153 audiret,
1571 4081 1757 4146 babet
1802 4099 2060 4145 causam
2128 4078 2583 4155 admiracioniS,
2651 4096 2725 4141 ne
2788 4075 2946 4140 forte
3006 4076 3124 4139 ali-

380 4169 540 4251 quod
589 4169 824 4234 factum
873 4171 1037 4232 esset
1083 4169 1182 4232 vel
1227 4167 1567 4239 fact-urum
1628 4169 1731 4249 qui
1783 4167 2114 4251 respondit,
2164 4168 2323 4248 quod
2370 4184 2490 4230 non
2555 4164 2800 4228 dicebat
2859 4182 2965 4244 pro
3029 4182 3117 4240 eo,

380 4259 542 4340 quod
594 4256 839 4339 aliquod
905 4257 1139 4320 factum
1210 4256 1373 4319 esset
1429 4256 1525 4318 vel
1580 4254 1912 4333 facturum,
1977 4254 2136 4337 quod
2202 4254 2409 4329 sciret,
2471 4253 2568 4317 set
2621 4252 3006 4315 solummodo
3070 4251 3123 4315 si

384 4346 490 4408 liet
537 4348 601 4408 et
662 4344 858 4408 adhuc
906 4345 957 4407 si
1021 4347 1187 4408 esset
1246 4343 1483 4407 factum
1551 4362 1659 4424 per
1714 4342 1950 4424 aliquos
2001 4342 2157 4407 alios
2220 4359 2406 4424 quam
2470 4358 2575 4422 per
2639 4358 2778 4404 suos
2839 4337 3122 4404 subditos

380 4434 555 4496 extra
604 4451 783 4495 suum
845 4430 1140 4512 regimen,
1209 4433 1443 4495 teneret
1508 4428 1781 4502 modum,
1847 4431 2006 4511 quod
2066 4429 2315 4494 omnino
2375 4428 2829 4507 reformaretur,
2893 4428 2955 4490 et
3016 4445 3123 4508 pro

384 4523 557 4584 tanto
604 4519 864 4583 dicebat.
934 4519 1196 4583 Domine
1266 4518 1370 4593 mi,
1420 4516 1802 4594 sicut-dixit,
1852 4517 1943 4580 ita
1989 4517 2210 4582 scribo,
2275 4516 2536 4598 Insuper
2595 4514 2837 4580 domine
2881 4516 2985 4587 mi,
3053 4517 3123 4577 ut

387 4606 853 4689 magnificencia
900 4610 1106 4670 vestra
1171 4606 1373 4670 videat
1435 4608 1498 4670 et
1559 4604 1773 4688 possit,
1841 4604 1893 4668 si
1957 4604 2075 4669 sibi
2133 4603 2419 4687 placebit,
2484 4602 2912 4667 demonstrare
2960 4602 3121 4665 dicto

386 4713 483 4758 ‚ser
528 4694 790 4773 Marino,
840 4713 958 4777 que
1010 4695 1425 4758 instrumenta
1488 4695 1714 4758 habere
1764 4691 1934 4775 potui
1979 4692 2305 4775 tangencia
2364 4692 2462 4756 ius
2506 4709 2687 4756 suum
2750 4687 3120 4755 unanimiter

388 4799 534 4845 cum
583 4780 710 4846 filio
758 4799 889 4862 suo,
936 4801 1011 4847 ne
1057 4781 1215 4846 forte
1260 4782 1554 4862 crederet,
1602 4778 1760 4863 quod
1805 4777 2016 4844 omnia
2059 4778 2431 4845 haberentur
2478 4777 2724 4861 copiam
2771 4776 2935 4842 sicut
2978 4774 3119 4839 dedi
