3620 5282
3066 324 3184 388 151

459 498 683 563 habere
730 498 953 563 debeat
990 498 1389 565 medietatem
1429 500 1594 565 dicte
1642 500 2238 584 condempnacionis,
2286 499 2601 583 probando
2649 499 2738 564 sic
2770 519 2984 563 verum
3015 519 3183 577 esse;

458 590 520 651 et·
565 586 711 651 talis
761 605 1057 652 accusans
1104 589 1386 651 teneatur
1428 588 1489 652 in
1538 589 1875 653 credencia.

664 674 897 757 Capta:
947 675 1098 739 item
1142 675 1217 738 ad
1264 676 1656 753 obviandum,
1708 678 1776 740 ut
1824 679 1919 741 tot
1978 677 2143 741 mala
2203 693 2320 741 non
2375 676 2563 752 fiant,
2611 673 2973 754 consulunt,
3022 674 3182 776 quod

453 763 771 862 eligantur
829 763 1089 845 triginta
1149 764 1618 827 sacramentarii
1679 781 1789 846 pro
1855 765 2136 847 qualibet
2199 764 2506 828 dictarum
2569 763 2950 838 insularum,
3016 765 3079 827 et
3124 763 3177 827 si

452 850 671 933 aliquis
711 850 988 933 ipsorum
1033 850 1234 915 obiret
1279 851 1375 915 vel
1422 851 1630 934 aliquo
1679 851 1857 916 modo
1895 853 2185 917 deficeret
2230 851 2292 915 in
2339 851 2504 915 dicto
2548 867 2823 926 numero,
2888 852 3034 914 tunc
3082 868 3183 916 co-

452 957 581 1001 mes
627 938 800 1002 illius
847 937 1046 1002 insule
1093 938 1223 1002 sive
1270 940 1451 1016 terre,
1504 941 1564 1003 in
1613 957 1733 1021 qua
1779 939 1924 1003 talis
1972 940 2485 1005 sacramentarius
2519 937 2851 1014 defficeret,
2896 939 3183 1002 teneatur

455 1026 797 1090 notifficare
839 1025 979 1090 aliis
1023 1026 1373 1104 comitibuS,
1423 1029 1494 1090 ut
1539 1026 1767 1110 eligere
1814 1027 2082 1092 debeant
2137 1027 2328 1092 alium
2372 1026 2503 1089 loco
2552 1025 2723 1103 eiuS,
2773 1027 2844 1088 ut
2892 1025 3179 1090 continue

450 1132 739 1178 numerus
786 1113 1406 1179 sacramentariorum
1456 1133 1699 1197 semper
1744 1115 1829 1179 sit
1876 1115 2135 1198 integer,
2183 1116 2285 1197 qui
2334 1111 2798 1177 sacramentarii
2841 1112 3042 1178 iurare
3075 1112 3182 1177 de·

449 1201 639 1266 beant
675 1202 915 1278 statim,
962 1220 1100 1266 cum
1149 1204 1330 1266 erunt
1376 1201 1576 1279 electi,
1626 1204 1689 1266 et
1733 1203 1922 1267 etiam
1972 1203 2291 1267 annuatim
2341 1202 2502 1266 circa
2557 1201 2786 1264 festum
2831 1200 3178 1265 nativitatis

451 1289 700 1358 domini,
750 1289 909 1372 quod
961 1289 1013 1352 si
1061 1288 1291 1353 scirent
1337 1289 1433 1354 vel
1476 1289 1779 1368 audirent,
1830 1291 1989 1373 quod
2034 1289 2258 1372 aliquis
2306 1290 2404 1353 vel
2452 1287 2644 1371 aliqui
2677 1306 2743 1351 se
2774 1290 3067 1370 pararent
3098 1288 3175 1352 ad

448 1379 713 1440 eundum
778 1376 854 1440 ad
904 1376 1154 1458 aliquod
1216 1375 1451 1441 furtum
1517 1378 1613 1442 vel
1675 1379 1749 1443 ad
1816 1378 2066 1462 aliquod
2128 1377 2360 1442 malum
2424 1374 2974 1453 committendum,
3027 1378 3174 1440 tunc

444 1465 658 1528 statim
705 1466 1034 1528 teneantur
1083 1464 1241 1528 tales
1286 1464 1565 1529 homines
1612 1483 1722 1529 suo
1770 1466 1983 1530 comiti
2048 1466 2143 1530 vel
2192 1465 2254 1529 in
2302 1464 2432 1529 eius
2500 1463 2790 1528 absencia
2850 1482 2958 1527 sue
3005 1464 3173 1528 curie

447 1553 779 1629 notificare,
831 1555 902 1615 ut
948 1571 1129 1633 super
1174 1553 1289 1616 hoc
1336 1551 1642 1635 provideri
1692 1552 1894 1617 facere
1937 1553 2156 1636 possit.
2205 1552 2288 1615 Et
2333 1552 2385 1615 si
2437 1550 2666 1615 malum
2713 1551 3022 1616 nescirent
3063 1569 3172 1614 an-

448 1642 697 1722 tequam
761 1639 1164 1704 c'ommissum
1231 1642 1431 1718 esset,
1496 1642 1558 1705 et
1621 1642 2008 1722 postmodum
2074 1641 2152 1704 ad
2202 1639 2493 1704 noticiam
2560 1656 2768 1702 eorum
2826 1638 3064 1702 veniret
3112 1642 3176 1704 et

447 1729 654 1805 sciret,
705 1728 865 1810 quod
911 1726 1147 1791 malum
1193 1728 1540 1810 predictum
1590 1727 1687 1792 vel
1733 1728 1858 1792 alia
1906 1733 2111 1793 essent
2157 1727 2509 1803 commissa,
2552 1725 2649 1790 vel
2687 1724 2764 1788 ab
2813 1725 2953 1789 aliis
3000 1726 3174 1791 audi-

444 1818 604 1892 rent,
646 1816 793 1878 tunc
838 1815 1057 1879 statim
1105 1834 1290 1897 quam
1339 1817 1527 1880 cicius
1598 1802 1906 1915 poterunt,
1971 1816 2283 1881 notificare
2330 1815 2598 1879 debeant
2657 1812 2906 1876 domino
2959 1815 3172 1878 comiti

448 1904 545 1968 vel
594 1902 655 1966 in
705 1903 836 1968 eius
884 1902 1173 1966 absencia
1220 1922 1328 1967 sue
1376 1904 1581 1978 curie;
1631 1905 1694 1967 et
1741 1903 1793 1966 si
1834 1904 1981 1968 dicti
2029 1902 2495 1968 sacramentarii
2551 1901 2911 1983 probarent,
2968 1900 3170 1966 dictos

442 1988 597 2055 tales
644 2009 778 2054 esse
820 1990 1178 2072 culpabiles,
1226 1992 1373 2055 tunc
1419 1991 1645 2055 habere
1694 1992 1963 2056 debeant
2005 1992 2402 2056 medietatem
2447 1987 3021 2070 condempnacionis
3069 1990 3172 2054 de-

441 2078 738 2143 venientis
778 2079 841 2142 in
890 2096 1235 2155 commune,
1284 2079 1407 2142 alia
1455 2098 1594 2143 vero
1661 2079 1964 2144 medietas
2023 2078 2112 2143 sit
2156 2077 2536 2154 communiS,
2587 2078 2649 2140 et
2714 2078 3042 2140 teneantur
3105 2076 3168 2141 in

440 2167 772 2230 credencia.
824 2166 907 2230 Et
952 2165 1005 2229 si
1054 2166 1199 2230 dicti
1251 2167 1715 2231 sacramentarii
1742 2167 2275 2254 nonnotifioaront
2322 2164 2675 2230 intermino
2722 2166 2861 2228 octo
2906 2164 3166 2243 dierum,

437 2256 762 2336 postquam
810 2254 1131 2317 audissent
1178 2254 1272 2325 vel
1331 2254 1630 2318 vidissent
1694 2256 1930 2319 malum
1988 2255 2220 2319 factum
2287 2273 2461 2328 esse,
2530 2252 2756 2315 cadant
2823 2251 2887 2315 in
2942 2270 3165 2333 penam

436 2361 867 2424 yperperorum
915 2342 1254 2418 duodecim,
1304 2345 1367 2406 et
1417 2362 1519 2424 per
1564 2343 1832 2425 quinque
1880 2361 2072 2406 annos
2119 2362 2156 2406 a
2198 2339 2681 2406 sacramentario
2709 2339 2910 2403 officio
2958 2339 3167 2403 exclu-

437 2429 677 2506 dantur,
728 2448 842 2511 que
890 2448 1045 2510 pena
1095 2430 1448 2511 pecuniaria
1492 2430 1780 2495 deveniat
1843 2430 1904 2493 in
1951 2449 2130 2494 suum
2193 2448 2556 2506 commune,
2606 2429 2671 2493 et
2727 2427 3164 2492 nichilominus

437 2518 762 2582 teneantur
807 2517 1145 2594 notificare,
1191 2519 1346 2599 quod
1400 2518 1694 2582 sciverint
1740 2518 1838 2582 vel
1887 2517 2238 2582 audiverint
2305 2518 2380 2580 de
2428 2514 2612 2579 furtis
2678 2514 2899 2595 factiS,
2953 2518 3023 2580 ut
3069 2516 3165 2580 di-

431 2607 599 2671 ctum
638 2608 771 2680 est;
815 2607 879 2670 et
923 2604 1185 2688 quilibet
1228 2604 1425 2688 possit
1472 2604 1672 2670 dictos
1734 2606 2250 2670 sacramentarios
2315 2621 2641 2680 accusare,
2699 2605 2761 2668 et
2819 2603 2872 2667 si
2936 2604 3164 2687 proba-

426 2694 608 2771 verit,
658 2693 819 2776 quod
868 2693 1195 2758 scivissent
1243 2693 1340 2758 vel
1386 2694 1705 2758 audissent
1750 2694 2059 2776 predicta,
2109 2695 2173 2758 et
2218 2713 2334 2757 non
2397 2692 2818 2756 notificassent
2880 2692 3163 2756 domina-

433 2782 610 2858 cioni,
651 2782 798 2845 talis
848 2798 1140 2845 accusans
1189 2782 1413 2846 habere
1462 2782 1687 2846 debeat
1725 2782 2125 2846 medietatem
2174 2782 2334 2846 dicte
2374 2778 2985 2862 condempnacionis;
3037 2781 3161 2847 alla

431 2887 571 2934 vero
618 2869 919 2933 medietas
962 2870 1149 2934 vadat
1196 2869 1256 2933 in
1306 2869 1639 2945 communi,
1688 2872 1751 2933 et
1798 2869 2113 2934 tenebitur
2160 2868 2234 2932 de
2283 2867 2623 2933 credencia.

637 2956 867 3039 Capta:
917 2955 1068 3020 item
1118 2956 1278 3040 quod
1327 2957 1791 3022 sacramentarii
1829 2958 1943 3022 sub
1979 2957 2183 3023 debito
2210 2955 2582 3021 sacramenti
2611 2956 2959 3032 teneantur,
2996 2959 3161 3041 quod

430 3044 481 3107 si
530 3046 828 3109 sciverint
875 3043 971 3108 vel
1018 3045 1347 3122 audierint,
1396 3045 1556 3127 quod
1603 3045 1829 3127 aliquis
1884 3048 2174 3128 patronus
2221 3046 2541 3127 pastorum
2592 3063 2699 3107 seu
2734 3044 3159 3130 bravariorum

429 3132 659 3197 iuraret
722 3132 981 3211 iniusto,
1050 3131 1368 3207 videlicet,
1425 3133 1586 3215 quod
1649 3134 1941 3211 dixisset,
2004 3151 2070 3197 se
2133 3132 2434 3215 recepisse
2485 3132 2681 3195 maius
2744 3131 3041 3197 damnum
3090 3154 3159 3201 eo

430 3222 588 3301 quod
631 3220 980 3301 recepisset,
1029 3222 1177 3284 tunc
1224 3220 1440 3284 statim
1490 3223 1818 3285 teneantur
1855 3223 1918 3284 et
1965 3220 2229 3285 debeant
2275 3239 2416 3284 eum
2473 3218 2838 3283 denunciare
2903 3240 3011 3285 suo
3057 3241 3159 3286 co-

439 3307 597 3386 miti,
647 3310 710 3372 et
754 3308 1007 3372 inventa
1056 3308 1316 3372 veritate
1359 3309 1448 3373 sic
1495 3327 1648 3386 esse,
1715 3311 1999 3373 teneatur
2063 3309 2126 3373 et
2170 3307 2395 3374 debeat
2455 3307 2516 3370 in
2583 3306 2768 3389 duplo
2830 3309 3158 3375 restituere

428 3394 502 3459 de
550 3415 638 3474 eo,
680 3396 838 3478 quod
878 3396 1038 3460 male
1086 3396 1369 3473 iurasset,
1419 3398 1483 3460 et
1530 3398 1719 3461 etiam
1749 3395 2142 3460 tantumdem
2176 3395 2411 3461 solvere
2444 3394 2665 3459 debeat
2713 3395 2774 3458 in
2825 3398 3154 3462 communi.

424 3483 504 3547 Et
548 3483 600 3547 si
641 3484 844 3547 dictus
891 3484 1408 3549 sacramentarius
1456 3486 1664 3567 posset
1709 3485 1987 3567 probare,
2038 3484 2124 3546 sic
2189 3501 2400 3548 verum
2447 3501 2618 3560 esse,
2683 3485 2828 3547 tunc
2873 3482 3006 3566 ipse
3053 3505 3157 3550 sa-

423 3570 870 3635 cramentarius
914 3571 1136 3635 habere
1182 3571 1407 3636 debeat
1454 3571 1853 3636 medietatem
1880 3572 2076 3655 partis
2109 3570 2489 3637 devenientis
2535 3571 2598 3635 in
2648 3572 2979 3650 communi,
3029 3573 3153 3638 alia

424 3677 564 3722 vero
613 3658 918 3723 medietas
962 3659 1047 3723 sit
1092 3660 1457 3725 communis.

632 3745 863 3829 Capta:
915 3747 1064 3810 item
1116 3747 1275 3829 quod
1324 3747 1548 3829 aliquis
1596 3747 1901 3812 dictarum
1949 3747 2295 3811 insularum
2345 3747 2440 3813 vel
2487 3746 2714 3829 aliquis
2758 3746 2916 3811 alius
2965 3750 3155 3815 advo-

425 3851 560 3897 care
604 3852 721 3898 non
771 3834 971 3917 possit
1016 3854 1124 3917 pro
1164 3835 1371 3918 aliquo
1416 3836 1674 3913 latrone,
1722 3836 1809 3900 ita
1860 3837 2019 3919 quod
2066 3835 2268 3901 dictus
2315 3834 2475 3900 latro
2514 3852 2826 3917 nunquam
2873 3855 2982 3917 pro
3025 3840 3153 3905 suis

421 3921 605 3986 furtis
651 3925 1080 3987 advocatorem
1128 3924 1327 4005 possit
1372 3924 1617 3987 habere.

630 4009 866 4093 Capta:
917 4010 1067 4074 item
1114 4011 1273 4093 quod
1323 4011 1397 4074 de
1445 4010 1703 4088 damnis,
1755 4012 2081 4089 raubariis,
2133 4011 2331 4090 furtiS,
2384 4010 2753 4087 homicidiis,
2820 4010 3153 4079 invasioni·
3201 4015 3206 4022 ‘

423 4099 532 4160 bus
583 4098 721 4162 hinc
769 4100 932 4163 retro
985 4099 1333 4163 commissis
1381 4119 1486 4179 per
1533 4099 1804 4182 aliquem
1855 4118 1960 4163 seu
2023 4099 2263 4182 aliquos
2330 4099 2745 4181 predictarum
2806 4100 3146 4168 insularum

415 4185 697 4267 partibus
723 4188 788 4250 et
811 4187 1068 4250 cuilibet
1098 4187 1367 4269 ipsarum
1397 4190 1759 4269 perpetuum
1789 4187 2112 4252 silencium
2140 4189 2513 4272 imponatur,
2562 4208 2674 4254 nec
2699 4190 2808 4257 fiat
2833 4194 3150 4261 restitucio

414 4273 543 4336 sive
590 4274 849 4338 emenda
878 4273 1084 4355 aliqua
1112 4274 1460 4356 superinde,
1511 4275 1701 4339 salvis
1727 4277 1937 4339 tamen
1963 4277 2026 4340 et
2057 4278 2386 4341 reservatis
2423 4278 2706 4342 omuibus
2743 4281 3151 4350 intromissio-

414 4361 593 4426 nibus
617 4362 801 4427 factis
827 4362 889 4426 iu
917 4362 1031 4426 hoc
1055 4381 1164 4444 per
1190 4364 1507 4426 dominum
1534 4362 1750 4426 ducem
1796 4382 1902 4427 seu
1929 4364 2319 4430 advocatores
2345 4365 2688 4430 communis
2719 4367 3146 4438 Veneciarum.

625 4448 859 4532 Capta:
910 4449 1062 4513 item
1108 4449 1267 4532 quod
1317 4449 1368 4513 si
1416 4449 1623 4533 aliqua
1674 4451 1900 4515 barcha
1967 4452 2312 4515 armabitur
2376 4454 2474 4517 vel
2521 4453 2823 4519 furnietur
2870 4478 2979 4540 per
3024 4462 3140 4525 ali-

414 4555 594 4618 quem
638 4538 950 4603 dictarum
997 4536 1342 4601 insularum
1391 4556 1497 4619 pro
1544 4538 1740 4602 eundo
1805 4539 1881 4602 ad
1947 4539 2294 4603 faciendum
2360 4541 2632 4624 aliquem
2692 4542 2992 4610 insultum
3042 4550 3138 4613 vel

413 4625 763 4690 raubariam
811 4625 939 4690 sive
983 4624 1337 4690 molestiam
1381 4627 1592 4690 contra
1657 4626 1929 4707 aliquam
1995 4626 2412 4709 predictarum
2484 4628 2859 4708 insularum,
2909 4636 2973 4697 et
3026 4636 3138 4699 hoc

413 4711 722 4796 legittime
771 4714 1097 4796 probatum
1146 4711 1356 4791 fuerit,
1407 4714 1566 4794 quod
1614 4712 1875 4778 cuilibet
1920 4713 2208 4778 existenti
2256 4714 2318 4777 in
2371 4714 2505 4796 ipsa
2547 4717 2771 4781 barcha
2816 4737 2975 4800 pena
3007 4740 3141 4785 car-
