<?xml version="1.0" encoding="UTF-8"?>
<!DOCTYPE html PUBLIC "-//W3C//DTD XHTML 1.0 Transitional//EN"
    "http://www.w3.org/TR/xhtml1/DTD/xhtml1-transitional.dtd">
<html xmlns="http://www.w3.org/1999/xhtml" xml:lang="en" lang="en">
 <head>
  <title>
</title>
<meta http-equiv="Content-Type" content="text/html;charset=utf-8" />
  <meta name='ocr-system' content='tesseract 3.04.00' />
  <meta name='ocr-capabilities' content='ocr_page ocr_carea ocr_par ocr_line ocrx_word'/>
</head>
<body>
  <div class='ocr_page' id='page_1' title='image "./monumentaspecta02umjegoog_0287.png"; bbox 0 0 3620 5282; ppageno 0'>
   <div class='ocr_carea' id='block_1_1' title="bbox 810 340 3117 620">
    <p class='ocr_par' dir='ltr' id='par_1_1' title="bbox 810 340 3117 620">
     <span class='ocr_line' id='line_1_1' title="bbox 2982 340 3117 409; baseline 0 0"><span class='ocrx_word' id='word_1_1' title='bbox 2982 340 3117 409; x_wconf 74' lang='lat'>235</span> 
     </span>
     <span class='ocr_line' id='line_1_2' title="bbox 810 516 2695 620; baseline -0.001 -21"><span class='ocrx_word' id='word_1_2' title='bbox 810 516 1144 600; x_wconf 81' lang='lat' dir='ltr'><strong>COGLI.</strong></span> <span class='ocrx_word' id='word_1_3' title='bbox 1207 517 1417 601; x_wconf 75' lang='lat' dir='ltr'>God.</span> <span class='ocrx_word' id='word_1_4' title='bbox 1470 517 1694 603; x_wconf 75' lang='lat'><strong>1352.</strong></span> <span class='ocrx_word' id='word_1_5' title='bbox 1748 518 1857 601; x_wconf 76' lang='lat'>24</span> <span class='ocrx_word' id='word_1_6' title='bbox 1907 517 2223 620; x_wconf 73' lang='lat' dir='ltr'>lipnja,</span> <span class='ocrx_word' id='word_1_7' title='bbox 2274 539 2334 599; x_wconf 91' lang='lat' dir='ltr'>u</span> <span class='ocrx_word' id='word_1_8' title='bbox 2389 516 2695 600; x_wconf 79' lang='lat' dir='ltr'>Zadru.</span> 
     </span>
    </p>
   </div>
   <div class='ocr_carea' id='block_1_2' title="bbox 400 643 3116 807">
    <p class='ocr_par' dir='ltr' id='par_1_2' title="bbox 400 643 3116 807">
     <span class='ocr_line' id='line_1_3' title="bbox 400 643 3116 721; baseline 0.001 -16"><span class='ocrx_word' id='word_1_9' title='bbox 400 643 563 707; x_wconf 60' lang='lat' dir='ltr'>mede</span> <span class='ocrx_word' id='word_1_10' title='bbox 608 644 903 704; x_wconf 71' lang='lat' dir='ltr'>zadarsko</span> <span class='ocrx_word' id='word_1_11' title='bbox 947 644 1242 719; x_wconf 63' lang='lat' dir='ltr'>ovzasbuje</span> <span class='ocrx_word' id='word_1_12' title='bbox 1297 645 1526 718; x_wconf 72' lang='lat' dir='ltr'>njekoje</span> <span class='ocrx_word' id='word_1_13' title='bbox 1570 644 1727 717; x_wconf 78' lang='lat' dir='ltr'>svoje</span> <span class='ocrx_word' id='word_1_14' title='bbox 1777 644 2057 718; x_wconf 63' lang='lat' dir='ltr'>plemiee,</span> <span class='ocrx_word' id='word_1_15' title='bbox 2119 643 2200 703; x_wconf 82' lang='lat' dir='ltr'>da</span> <span class='ocrx_word' id='word_1_16' title='bbox 2243 662 2285 703; x_wconf 81' lang='lat' dir='ltr'>u</span> <span class='ocrx_word' id='word_1_17' title='bbox 2333 644 2572 719; x_wconf 64' lang='lat' dir='ltr'>rujeqovo</span> <span class='ocrx_word' id='word_1_18' title='bbox 2617 644 2729 703; x_wconf 83' lang='lat' dir='ltr'>ime</span> <span class='ocrx_word' id='word_1_19' title='bbox 2773 645 2972 720; x_wconf 76' lang='lat' dir='ltr'>sklope</span> <span class='ocrx_word' id='word_1_20' title='bbox 3006 664 3116 721; x_wconf 76' lang='lat' dir='ltr'>po·</span> 
     </span>
     <span class='ocr_line' id='line_1_4' title="bbox 733 731 2779 807; baseline 0 -16"><span class='ocrx_word' id='word_1_21' title='bbox 733 731 929 807; x_wconf 75' lang='lat' dir='ltr'>yodbu</span> <span class='ocrx_word' id='word_1_22' title='bbox 972 748 1044 791; x_wconf 86' lang='lat' dir='ltr'>sa</span> <span class='ocrx_word' id='word_1_23' title='bbox 1086 733 1428 805; x_wconf 65' lang='lat' dir='ltr'>nastupnici</span> <span class='ocrx_word' id='word_1_24' title='bbox 1471 733 1773 806; x_wconf 80' lang='lat' dir='ltr'>republike</span> <span class='ocrx_word' id='word_1_25' title='bbox 1816 732 1984 807; x_wconf 75' lang='lat' dir='ltr'>ylede</span> <span class='ocrx_word' id='word_1_26' title='bbox 2016 732 2272 807; x_wconf 76' lang='lat' dir='ltr'>prodaje</span> <span class='ocrx_word' id='word_1_27' title='bbox 2317 731 2605 793; x_wconf 72' lang='lat' dir='ltr'>zadarske</span> <span class='ocrx_word' id='word_1_28' title='bbox 2649 733 2779 792; x_wconf 80' lang='lat' dir='ltr'>soli.</span> 
     </span>
    </p>
   </div>
   <div class='ocr_carea' id='block_1_3' title="bbox 374 868 3127 4800">
    <p class='ocr_par' dir='ltr' id='par_1_3' title="bbox 374 868 3127 4800">
     <span class='ocr_line' id='line_1_5' title="bbox 607 868 3125 954; baseline 0.002 -21"><span class='ocrx_word' id='word_1_29' title='bbox 607 868 795 951; x_wconf 85' lang='lat' dir='ltr'>Copia</span> <span class='ocrx_word' id='word_1_30' title='bbox 840 869 1198 953; x_wconf 83' lang='lat' dir='ltr'>syndicatus</span> <span class='ocrx_word' id='word_1_31' title='bbox 1244 889 1426 953; x_wconf 80' lang='lat' dir='ltr'>super</span> <span class='ocrx_word' id='word_1_32' title='bbox 1470 871 1778 954; x_wconf 73' lang='lat' dir='ltr'><strong>emptione</strong></span> <span class='ocrx_word' id='word_1_33' title='bbox 1826 871 1978 936; x_wconf 88' lang='lat' dir='ltr'>salis</span> <span class='ocrx_word' id='word_1_34' title='bbox 2023 870 2176 936; x_wconf 86' lang='lat' dir='ltr'>facti</span> <span class='ocrx_word' id='word_1_35' title='bbox 2221 871 2287 934; x_wconf 89' lang='lat' dir='ltr'>et</span> <span class='ocrx_word' id='word_1_36' title='bbox 2329 869 2515 934; x_wconf 87' lang='lat' dir='ltr'>fiendi</span> <span class='ocrx_word' id='word_1_37' title='bbox 2561 870 2623 933; x_wconf 90' lang='lat' dir='ltr'>in</span> <span class='ocrx_word' id='word_1_38' title='bbox 2669 870 2959 936; x_wconf 89' lang='lat' dir='ltr'>districtu</span> <span class='ocrx_word' id='word_1_39' title='bbox 3008 872 3125 937; x_wconf 84' lang='lat' dir='ltr'>Ja-</span> 
     </span>
     <span class='ocr_line' id='line_1_6' title="bbox 397 954 3121 1031; baseline 0.002 -12"><span class='ocrx_word' id='word_1_40' title='bbox 397 954 526 1022; x_wconf 88' lang='lat' dir='ltr'>dre.</span> <span class='ocrx_word' id='word_1_41' title='bbox 575 958 648 1021; x_wconf 93' lang='lat' dir='ltr'>In</span> <span class='ocrx_word' id='word_1_42' title='bbox 693 955 913 1031; x_wconf 76' lang='lat' dir='ltr'>christi</span> <span class='ocrx_word' id='word_1_43' title='bbox 958 958 1203 1022; x_wconf 89' lang='lat' dir='ltr'>nomine</span> <span class='ocrx_word' id='word_1_44' title='bbox 1250 974 1448 1024; x_wconf 89' lang='lat' dir='ltr'>amen.</span> <span class='ocrx_word' id='word_1_45' title='bbox 1498 958 1679 1023; x_wconf 87' lang='lat' dir='ltr'>Anno</span> <span class='ocrx_word' id='word_1_46' title='bbox 1725 958 1805 1024; x_wconf 91' lang='lat' dir='ltr'>ab</span> <span class='ocrx_word' id='word_1_47' title='bbox 1853 958 2275 1024; x_wconf 77' lang='lat' dir='ltr'>incarnatione</span> <span class='ocrx_word' id='word_1_48' title='bbox 2301 957 2577 1022; x_wconf 89' lang='lat' dir='ltr'>eiusdem</span> <span class='ocrx_word' id='word_1_49' title='bbox 2618 957 2949 1024; x_wconf 88' lang='lat' dir='ltr'>millesimo</span> <span class='ocrx_word' id='word_1_50' title='bbox 2997 962 3121 1025; x_wconf 89' lang='lat' dir='ltr'>tre-</span> 
     </span>
     <span class='ocr_line' id='line_1_7' title="bbox 395 1043 3122 1129; baseline 0.001 -20"><span class='ocrx_word' id='word_1_51' title='bbox 395 1043 732 1109; x_wconf 83' lang='lat' dir='ltr'>centesimo</span> <span class='ocrx_word' id='word_1_52' title='bbox 772 1044 1284 1129; x_wconf 87' lang='lat' dir='ltr'>quinquagesimo</span> <span class='ocrx_word' id='word_1_53' title='bbox 1345 1045 1629 1125; x_wconf 87' lang='lat' dir='ltr'>secundo,</span> <span class='ocrx_word' id='word_1_54' title='bbox 1696 1044 2029 1111; x_wconf 80' lang='lat' dir='ltr'>indictione</span> <span class='ocrx_word' id='word_1_55' title='bbox 2074 1046 2323 1128; x_wconf 86' lang='lat' dir='ltr'>quinta,</span> <span class='ocrx_word' id='word_1_56' title='bbox 2387 1045 2485 1110; x_wconf 93' lang='lat' dir='ltr'>die</span> <span class='ocrx_word' id='word_1_57' title='bbox 2549 1043 2849 1128; x_wconf 83' lang='lat' dir='ltr'>vigesimo</span> <span class='ocrx_word' id='word_1_58' title='bbox 2908 1050 3122 1128; x_wconf 88' lang='lat' dir='ltr'>quarto</span> 
     </span>
     <span class='ocr_line' id='line_1_8' title="bbox 400 1131 3121 1213; baseline 0.002 -18"><span class='ocrx_word' id='word_1_59' title='bbox 400 1132 629 1197; x_wconf 84' lang='lat' dir='ltr'>mensis</span> <span class='ocrx_word' id='word_1_60' title='bbox 671 1131 846 1209; x_wconf 89' lang='lat' dir='ltr'>iunii,</span> <span class='ocrx_word' id='word_1_61' title='bbox 894 1133 1172 1213; x_wconf 89' lang='lat' dir='ltr'>tempore</span> <span class='ocrx_word' id='word_1_62' title='bbox 1220 1133 1599 1198; x_wconf 84' lang='lat' dir='ltr'>serenissimi</span> <span class='ocrx_word' id='word_1_63' title='bbox 1647 1134 1879 1207; x_wconf 86' lang='lat' dir='ltr'>domini</span> <span class='ocrx_word' id='word_1_64' title='bbox 1922 1134 2114 1198; x_wconf 90' lang='lat' dir='ltr'>nostri</span> <span class='ocrx_word' id='word_1_65' title='bbox 2163 1133 2396 1198; x_wconf 91' lang='lat' dir='ltr'>domini</span> <span class='ocrx_word' id='word_1_66' title='bbox 2444 1132 2692 1197; x_wconf 88' lang='lat' dir='ltr'>Andree</span> <span class='ocrx_word' id='word_1_67' title='bbox 2716 1133 3000 1199; x_wconf 90' lang='lat' dir='ltr'>Dandulo</span> <span class='ocrx_word' id='word_1_68' title='bbox 3024 1135 3121 1200; x_wconf 91' lang='lat' dir='ltr'>dei</span> 
     </span>
     <span class='ocr_line' id='line_1_9' title="bbox 392 1218 3114 1306; baseline 0.001 -23"><span class='ocrx_word' id='word_1_69' title='bbox 392 1219 601 1301; x_wconf 76' lang='lat' dir='ltr'>gratia</span> <span class='ocrx_word' id='word_1_70' title='bbox 644 1218 1052 1284; x_wconf 77' lang='lat' dir='ltr'>Veneciarum</span> <span class='ocrx_word' id='word_1_71' title='bbox 1100 1222 1218 1285; x_wconf 89' lang='lat' dir='ltr'>etc.</span> <span class='ocrx_word' id='word_1_72' title='bbox 1267 1220 1468 1285; x_wconf 91' lang='lat' dir='ltr'>incliti</span> <span class='ocrx_word' id='word_1_73' title='bbox 1513 1221 1707 1298; x_wconf 91' lang='lat' dir='ltr'>ducis,</span> <span class='ocrx_word' id='word_1_74' title='bbox 1756 1224 1822 1286; x_wconf 91' lang='lat' dir='ltr'>et</span> <span class='ocrx_word' id='word_1_75' title='bbox 1862 1221 2175 1287; x_wconf 86' lang='lat' dir='ltr'>reverendi</span> <span class='ocrx_word' id='word_1_76' title='bbox 2222 1221 2419 1305; x_wconf 86' lang='lat' dir='ltr'>patris</span> <span class='ocrx_word' id='word_1_77' title='bbox 2458 1219 2688 1285; x_wconf 90' lang='lat' dir='ltr'>domini</span> <span class='ocrx_word' id='word_1_78' title='bbox 2743 1220 3006 1306; x_wconf 85' lang='lat' dir='ltr'>Nicolay</span> <span class='ocrx_word' id='word_1_79' title='bbox 3036 1222 3114 1288; x_wconf 91' lang='lat' dir='ltr'>de</span> 
     </span>
     <span class='ocr_line' id='line_1_10' title="bbox 397 1304 3116 1392; baseline 0.001 -22"><span class='ocrx_word' id='word_1_80' title='bbox 397 1304 726 1371; x_wconf 81' lang='lat' dir='ltr'>Matafaris</span> <span class='ocrx_word' id='word_1_81' title='bbox 784 1306 1106 1371; x_wconf 86' lang='lat' dir='ltr'>Jadrensis</span> <span class='ocrx_word' id='word_1_82' title='bbox 1174 1307 1464 1392; x_wconf 77' lang='lat' dir='ltr'>episcopi,</span> <span class='ocrx_word' id='word_1_83' title='bbox 1523 1326 1595 1372; x_wconf 90' lang='lat' dir='ltr'>ac</span> <span class='ocrx_word' id='word_1_84' title='bbox 1640 1308 1878 1373; x_wconf 89' lang='lat' dir='ltr'>domini</span> <span class='ocrx_word' id='word_1_85' title='bbox 1932 1308 2273 1374; x_wconf 83' lang='lat' dir='ltr'>Justiniani</span> <span class='ocrx_word' id='word_1_86' title='bbox 2324 1306 2679 1373; x_wconf 85' lang='lat' dir='ltr'>Justiniano</span> <span class='ocrx_word' id='word_1_87' title='bbox 2741 1307 3116 1374; x_wconf 89' lang='lat' dir='ltr'>honorabilis</span> 
     </span>
     <span class='ocr_line' id='line_1_11' title="bbox 374 1393 3123 1479; baseline 0.001 -21"><span class='ocrx_word' id='word_1_88' title='bbox 374 1393 646 1459; x_wconf 25' lang='lat' dir='ltr'>*comitis</span> <span class='ocrx_word' id='word_1_89' title='bbox 693 1395 757 1458; x_wconf 87' lang='lat' dir='ltr'>et</span> <span class='ocrx_word' id='word_1_90' title='bbox 803 1394 1109 1477; x_wconf 85' lang='lat' dir='ltr'>capitanei</span> <span class='ocrx_word' id='word_1_91' title='bbox 1157 1395 1366 1473; x_wconf 82' lang='lat' dir='ltr'>Jadre,</span> <span class='ocrx_word' id='word_1_92' title='bbox 1416 1396 1700 1478; x_wconf 73' lang='lat' dir='ltr'>egregius</span> <span class='ocrx_word' id='word_1_93' title='bbox 1747 1398 1813 1461; x_wconf 87' lang='lat' dir='ltr'>et</span> <span class='ocrx_word' id='word_1_94' title='bbox 1859 1397 2078 1479; x_wconf 88' lang='lat' dir='ltr'>potens</span> <span class='ocrx_word' id='word_1_95' title='bbox 2125 1395 2218 1461; x_wconf 87' lang='lat' dir='ltr'>vir</span> <span class='ocrx_word' id='word_1_96' title='bbox 2263 1394 2550 1460; x_wconf 88' lang='lat' dir='ltr'>dominus</span> <span class='ocrx_word' id='word_1_97' title='bbox 2581 1395 2975 1462; x_wconf 83' lang='lat' dir='ltr'>Justinianus</span> <span class='ocrx_word' id='word_1_98' title='bbox 3006 1396 3123 1462; x_wconf 81' lang='lat' dir='ltr'>Ju-</span> 
     </span>
     <span class='ocr_line' id='line_1_12' title="bbox 396 1481 3122 1565; baseline 0.002 -21"><span class='ocrx_word' id='word_1_99' title='bbox 396 1481 667 1546; x_wconf 88' lang='lat' dir='ltr'>stiniano</span> <span class='ocrx_word' id='word_1_100' title='bbox 713 1498 920 1546; x_wconf 88' lang='lat' dir='ltr'>comes</span> <span class='ocrx_word' id='word_1_101' title='bbox 968 1482 1032 1547; x_wconf 89' lang='lat' dir='ltr'>et</span> <span class='ocrx_word' id='word_1_102' title='bbox 1077 1482 1434 1565; x_wconf 84' lang='lat' dir='ltr'>capitaneus</span> <span class='ocrx_word' id='word_1_103' title='bbox 1480 1483 1670 1548; x_wconf 87' lang='lat' dir='ltr'>Jadre</span> <span class='ocrx_word' id='word_1_104' title='bbox 1716 1487 1780 1548; x_wconf 94' lang='lat' dir='ltr'>et</span> <span class='ocrx_word' id='word_1_105' title='bbox 1825 1483 2060 1548; x_wconf 86' lang='lat' dir='ltr'>nobiles</span> <span class='ocrx_word' id='word_1_106' title='bbox 2108 1485 2172 1549; x_wconf 86' lang='lat' dir='ltr'>et</span> <span class='ocrx_word' id='word_1_107' title='bbox 2215 1482 2529 1565; x_wconf 91' lang='lat' dir='ltr'>sapientes</span> <span class='ocrx_word' id='word_1_108' title='bbox 2574 1482 2691 1547; x_wconf 87' lang='lat' dir='ltr'>viri</span> <span class='ocrx_word' id='word_1_109' title='bbox 2737 1483 2973 1549; x_wconf 90' lang='lat' dir='ltr'>domini</span> <span class='ocrx_word' id='word_1_110' title='bbox 3004 1485 3122 1549; x_wconf 87' lang='lat' dir='ltr'>Pe·</span> 
     </span>
     <span class='ocr_line' id='line_1_13' title="bbox 404 1568 3121 1653; baseline 0.002 -22"><span class='ocrx_word' id='word_1_111' title='bbox 404 1571 538 1633; x_wconf 85' lang='lat' dir='ltr'>trus</span> <span class='ocrx_word' id='word_1_112' title='bbox 585 1568 863 1633; x_wconf 86' lang='lat' dir='ltr'>Falletro</span> <span class='ocrx_word' id='word_1_113' title='bbox 905 1571 967 1634; x_wconf 85' lang='lat' dir='ltr'>et</span> <span class='ocrx_word' id='word_1_114' title='bbox 1014 1570 1326 1635; x_wconf 86' lang='lat' dir='ltr'>Jobannes</span> <span class='ocrx_word' id='word_1_115' title='bbox 1373 1570 1739 1653; x_wconf 87' lang='lat' dir='ltr'>Superantio</span> <span class='ocrx_word' id='word_1_116' title='bbox 1784 1570 2122 1636; x_wconf 86' lang='lat' dir='ltr'>consiliarii</span> <span class='ocrx_word' id='word_1_117' title='bbox 2169 1572 2299 1635; x_wconf 89' lang='lat' dir='ltr'>eius</span> <span class='ocrx_word' id='word_1_118' title='bbox 2346 1587 2487 1635; x_wconf 91' lang='lat' dir='ltr'>cum</span> <span class='ocrx_word' id='word_1_119' title='bbox 2519 1570 2834 1636; x_wconf 87' lang='lat' dir='ltr'>voluntate</span> <span class='ocrx_word' id='word_1_120' title='bbox 2880 1572 2944 1636; x_wconf 89' lang='lat' dir='ltr'>et</span> <span class='ocrx_word' id='word_1_121' title='bbox 2973 1590 3121 1637; x_wconf 90' lang='lat' dir='ltr'>con-</span> 
     </span>
     <span class='ocr_line' id='line_1_14' title="bbox 399 1655 3120 1741; baseline 0.001 -21"><span class='ocrx_word' id='word_1_122' title='bbox 399 1674 591 1720; x_wconf 87' lang='lat' dir='ltr'>sensu</span> <span class='ocrx_word' id='word_1_123' title='bbox 660 1655 957 1721; x_wconf 87' lang='lat' dir='ltr'>nobilium</span> <span class='ocrx_word' id='word_1_124' title='bbox 1007 1659 1072 1722; x_wconf 91' lang='lat' dir='ltr'>et</span> <span class='ocrx_word' id='word_1_125' title='bbox 1117 1658 1416 1724; x_wconf 90' lang='lat' dir='ltr'>bonorum</span> <span class='ocrx_word' id='word_1_126' title='bbox 1483 1659 1807 1723; x_wconf 91' lang='lat' dir='ltr'>hominum</span> <span class='ocrx_word' id='word_1_127' title='bbox 1878 1658 2151 1724; x_wconf 88' lang='lat' dir='ltr'>civitatis</span> <span class='ocrx_word' id='word_1_128' title='bbox 2196 1658 2383 1724; x_wconf 81' lang='lat' dir='ltr'>Jadre</span> <span class='ocrx_word' id='word_1_129' title='bbox 2453 1676 2560 1740; x_wconf 89' lang='lat' dir='ltr'>per</span> <span class='ocrx_word' id='word_1_130' title='bbox 2622 1676 2912 1741; x_wconf 84' lang='lat' dir='ltr'>precones</span> <span class='ocrx_word' id='word_1_131' title='bbox 2954 1659 3120 1725; x_wconf 90' lang='lat' dir='ltr'>curie</span> 
     </span>
     <span class='ocr_line' id='line_1_15' title="bbox 395 1742 3120 1825; baseline 0.002 -18"><span class='ocrx_word' id='word_1_132' title='bbox 395 1742 584 1808; x_wconf 89' lang='lat' dir='ltr'>Jadre</span> <span class='ocrx_word' id='word_1_133' title='bbox 630 1762 799 1809; x_wconf 90' lang='lat' dir='ltr'>more</span> <span class='ocrx_word' id='word_1_134' title='bbox 839 1744 1022 1809; x_wconf 89' lang='lat' dir='ltr'>solito</span> <span class='ocrx_word' id='word_1_135' title='bbox 1068 1748 1448 1825; x_wconf 87' lang='lat' dir='ltr'>vocatorum,</span> <span class='ocrx_word' id='word_1_136' title='bbox 1493 1748 1556 1810; x_wconf 89' lang='lat' dir='ltr'>et</span> <span class='ocrx_word' id='word_1_137' title='bbox 1602 1745 1663 1810; x_wconf 93' lang='lat' dir='ltr'>in</span> <span class='ocrx_word' id='word_1_138' title='bbox 1711 1747 1844 1811; x_wconf 88' lang='lat' dir='ltr'>sala</span> <span class='ocrx_word' id='word_1_139' title='bbox 1888 1745 2352 1811; x_wconf 74' lang='lat' dir='ltr'>communitatis</span> <span class='ocrx_word' id='word_1_140' title='bbox 2397 1743 2588 1811; x_wconf 87' lang='lat' dir='ltr'>Jadre</span> <span class='ocrx_word' id='word_1_141' title='bbox 2654 1746 2918 1812; x_wconf 87' lang='lat' dir='ltr'>invicem</span> <span class='ocrx_word' id='word_1_142' title='bbox 2972 1766 3120 1812; x_wconf 89' lang='lat' dir='ltr'>con—</span> 
     </span>
     <span class='ocr_line' id='line_1_16' title="bbox 398 1831 3124 1916; baseline 0.001 -21"><span class='ocrx_word' id='word_1_143' title='bbox 398 1832 813 1914; x_wconf 81' lang='lat' dir='ltr'>gregatorum,</span> <span class='ocrx_word' id='word_1_144' title='bbox 863 1831 967 1914; x_wconf 90' lang='lat' dir='ltr'>qui</span> <span class='ocrx_word' id='word_1_145' title='bbox 1012 1834 1591 1916; x_wconf 86' lang='lat' dir='ltr'>representaveruut</span> <span class='ocrx_word' id='word_1_146' title='bbox 1635 1835 1844 1898; x_wconf 89' lang='lat' dir='ltr'>totum</span> <span class='ocrx_word' id='word_1_147' title='bbox 1904 1851 2231 1898; x_wconf 91' lang='lat' dir='ltr'>commune</span> <span class='ocrx_word' id='word_1_148' title='bbox 2276 1835 2342 1897; x_wconf 93' lang='lat' dir='ltr'>et</span> <span class='ocrx_word' id='word_1_149' title='bbox 2386 1831 2858 1899; x_wconf 87' lang='lat' dir='ltr'>universitatem</span> <span class='ocrx_word' id='word_1_150' title='bbox 2924 1834 3124 1899; x_wconf 88' lang='lat' dir='ltr'>homi-</span> 
     </span>
     <span class='ocr_line' id='line_1_17' title="bbox 397 1918 3119 2004; baseline 0.001 -22"><span class='ocrx_word' id='word_1_151' title='bbox 397 1937 545 1983; x_wconf 91' lang='lat' dir='ltr'>num</span> <span class='ocrx_word' id='word_1_152' title='bbox 589 1918 797 1998; x_wconf 85' lang='lat' dir='ltr'>Jadre,</span> <span class='ocrx_word' id='word_1_153' title='bbox 846 1922 911 1983; x_wconf 92' lang='lat' dir='ltr'>et</span> <span class='ocrx_word' id='word_1_154' title='bbox 955 1921 1076 2003; x_wconf 91' lang='lat' dir='ltr'>ipsi</span> <span class='ocrx_word' id='word_1_155' title='bbox 1122 1939 1335 1985; x_wconf 88' lang='lat' dir='ltr'>omnes</span> <span class='ocrx_word' id='word_1_156' title='bbox 1383 1922 1447 1985; x_wconf 88' lang='lat' dir='ltr'>et</span> <span class='ocrx_word' id='word_1_157' title='bbox 1492 1921 1721 2004; x_wconf 83' lang='lat' dir='ltr'>singuli</span> <span class='ocrx_word' id='word_1_158' title='bbox 1766 1921 1995 1986; x_wconf 88' lang='lat' dir='ltr'>ibidem</span> <span class='ocrx_word' id='word_1_159' title='bbox 2041 1922 2352 2003; x_wconf 79' lang='lat' dir='ltr'>presentes</span> <span class='ocrx_word' id='word_1_160' title='bbox 2397 1938 2507 2003; x_wconf 94' lang='lat' dir='ltr'>pro</span> <span class='ocrx_word' id='word_1_161' title='bbox 2554 1939 2620 1984; x_wconf 91' lang='lat' dir='ltr'>se</span> <span class='ocrx_word' id='word_1_162' title='bbox 2670 1920 2824 2003; x_wconf 90' lang='lat' dir='ltr'>ipsis</span> <span class='ocrx_word' id='word_1_163' title='bbox 2866 1921 3002 1987; x_wconf 89' lang='lat' dir='ltr'>vice</span> <span class='ocrx_word' id='word_1_164' title='bbox 3054 1926 3119 1987; x_wconf 89' lang='lat' dir='ltr'>et</span> 
     </span>
     <span class='ocr_line' id='line_1_18' title="bbox 402 2005 3116 2090; baseline 0.001 -20"><span class='ocrx_word' id='word_1_165' title='bbox 402 2005 647 2070; x_wconf 88' lang='lat' dir='ltr'>nomine</span> <span class='ocrx_word' id='word_1_166' title='bbox 692 2007 842 2071; x_wconf 90' lang='lat' dir='ltr'>dicti</span> <span class='ocrx_word' id='word_1_167' title='bbox 885 2009 1230 2073; x_wconf 90' lang='lat' dir='ltr'>communis</span> <span class='ocrx_word' id='word_1_168' title='bbox 1278 2027 1421 2072; x_wconf 91' lang='lat' dir='ltr'>cum</span> <span class='ocrx_word' id='word_1_169' title='bbox 1484 2009 1803 2073; x_wconf 83' lang='lat' dir='ltr'>voluntate</span> <span class='ocrx_word' id='word_1_170' title='bbox 1855 2010 1919 2074; x_wconf 91' lang='lat' dir='ltr'>et</span> <span class='ocrx_word' id='word_1_171' title='bbox 1962 2026 2216 2073; x_wconf 89' lang='lat' dir='ltr'>assensu</span> <span class='ocrx_word' id='word_1_172' title='bbox 2277 2008 2836 2090; x_wconf 87' lang='lat' dir='ltr'>suprascriptorum</span> <span class='ocrx_word' id='word_1_173' title='bbox 2884 2008 3116 2074; x_wconf 91' lang='lat' dir='ltr'>domini</span> 
     </span>
     <span class='ocr_line' id='line_1_19' title="bbox 397 2093 3123 2178; baseline 0.001 -19"><span class='ocrx_word' id='word_1_174' title='bbox 397 2093 637 2159; x_wconf 84' lang='lat' dir='ltr'>comitis</span> <span class='ocrx_word' id='word_1_175' title='bbox 684 2095 749 2159; x_wconf 91' lang='lat' dir='ltr'>et</span> <span class='ocrx_word' id='word_1_176' title='bbox 792 2096 1285 2161; x_wconf 87' lang='lat' dir='ltr'>consiliariorum</span> <span class='ocrx_word' id='word_1_177' title='bbox 1332 2097 1463 2161; x_wconf 88' lang='lat' dir='ltr'>eius</span> <span class='ocrx_word' id='word_1_178' title='bbox 1510 2096 1885 2161; x_wconf 88' lang='lat' dir='ltr'>unanimiter</span> <span class='ocrx_word' id='word_1_179' title='bbox 1929 2101 1991 2159; x_wconf 84' lang='lat' dir='ltr'>et</span> <span class='ocrx_word' id='word_1_180' title='bbox 2037 2097 2437 2171; x_wconf 88' lang='lat' dir='ltr'>concorditer,</span> <span class='ocrx_word' id='word_1_181' title='bbox 2487 2096 2706 2178; x_wconf 89' lang='lat' dir='ltr'>sponte</span> <span class='ocrx_word' id='word_1_182' title='bbox 2754 2097 2919 2161; x_wconf 81' lang='lat' dir='ltr'>etex</span> <span class='ocrx_word' id='word_1_183' title='bbox 2952 2099 3123 2161; x_wconf 89' lang='lat' dir='ltr'>certa</span> 
     </span>
     <span class='ocr_line' id='line_1_20' title="bbox 397 2180 3116 2261; baseline 0.001 -15"><span class='ocrx_word' id='word_1_184' title='bbox 397 2180 676 2259; x_wconf 85' lang='lat' dir='ltr'>scientia,</span> <span class='ocrx_word' id='word_1_185' title='bbox 724 2182 1021 2261; x_wconf 84' lang='lat' dir='ltr'>fecerunt,</span> <span class='ocrx_word' id='word_1_186' title='bbox 1088 2185 1543 2249; x_wconf 89' lang='lat' dir='ltr'>constituerunt</span> <span class='ocrx_word' id='word_1_187' title='bbox 1598 2186 1663 2249; x_wconf 89' lang='lat' dir='ltr'>et</span> <span class='ocrx_word' id='word_1_188' title='bbox 1722 2184 2162 2249; x_wconf 87' lang='lat' dir='ltr'>ordinaverunt</span> <span class='ocrx_word' id='word_1_189' title='bbox 2216 2202 2316 2248; x_wconf 89' lang='lat' dir='ltr'>ser</span> <span class='ocrx_word' id='word_1_190' title='bbox 2362 2181 2678 2248; x_wconf 87' lang='lat' dir='ltr'>Marinum</span> <span class='ocrx_word' id='word_1_191' title='bbox 2737 2185 2810 2248; x_wconf 93' lang='lat' dir='ltr'>de</span> <span class='ocrx_word' id='word_1_192' title='bbox 2877 2182 3116 2249; x_wconf 86' lang='lat' dir='ltr'>Carna-</span> 
     </span>
     <span class='ocr_line' id='line_1_21' title="bbox 404 2268 3121 2345; baseline 0.002 -13"><span class='ocrx_word' id='word_1_193' title='bbox 404 2270 560 2345; x_wconf 89' lang='lat' dir='ltr'>ruto,</span> <span class='ocrx_word' id='word_1_194' title='bbox 604 2268 871 2334; x_wconf 91' lang='lat' dir='ltr'>Paulum</span> <span class='ocrx_word' id='word_1_195' title='bbox 917 2270 1301 2336; x_wconf 82' lang='lat' dir='ltr'>Palonbardo</span> <span class='ocrx_word' id='word_1_196' title='bbox 1348 2272 1414 2336; x_wconf 88' lang='lat' dir='ltr'>et</span> <span class='ocrx_word' id='word_1_197' title='bbox 1460 2270 1776 2337; x_wconf 85' lang='lat' dir='ltr'>Crescium</span> <span class='ocrx_word' id='word_1_198' title='bbox 1822 2270 2087 2336; x_wconf 88' lang='lat' dir='ltr'>condam</span> <span class='ocrx_word' id='word_1_199' title='bbox 2120 2270 2439 2336; x_wconf 88' lang='lat' dir='ltr'>Laurentii</span> <span class='ocrx_word' id='word_1_200' title='bbox 2485 2270 2562 2335; x_wconf 94' lang='lat' dir='ltr'>de</span> <span class='ocrx_word' id='word_1_201' title='bbox 2608 2270 2924 2336; x_wconf 86' lang='lat' dir='ltr'>Zivalellis</span> <span class='ocrx_word' id='word_1_202' title='bbox 2956 2270 3121 2338; x_wconf 86' lang='lat' dir='ltr'>cives</span> 
     </span>
     <span class='ocr_line' id='line_1_22' title="bbox 396 2355 3124 2442; baseline 0.001 -21"><span class='ocrx_word' id='word_1_203' title='bbox 396 2355 728 2421; x_wconf 76' lang='lat' dir='ltr'>Jadrenses</span> <span class='ocrx_word' id='word_1_204' title='bbox 774 2356 1004 2424; x_wconf 86' lang='lat' dir='ltr'>ibidem</span> <span class='ocrx_word' id='word_1_205' title='bbox 1044 2360 1361 2442; x_wconf 87' lang='lat' dir='ltr'>presentes</span> <span class='ocrx_word' id='word_1_206' title='bbox 1409 2361 1475 2424; x_wconf 93' lang='lat' dir='ltr'>et</span> <span class='ocrx_word' id='word_1_207' title='bbox 1518 2360 1634 2424; x_wconf 90' lang='lat' dir='ltr'>hoc</span> <span class='ocrx_word' id='word_1_208' title='bbox 1679 2359 2042 2424; x_wconf 88' lang='lat' dir='ltr'>mandatum</span> <span class='ocrx_word' id='word_1_209' title='bbox 2091 2360 2307 2442; x_wconf 86' lang='lat' dir='ltr'>sponte</span> <span class='ocrx_word' id='word_1_210' title='bbox 2356 2356 2764 2441; x_wconf 84' lang='lat' dir='ltr'>suscipientes</span> <span class='ocrx_word' id='word_1_211' title='bbox 2812 2377 3023 2424; x_wconf 90' lang='lat' dir='ltr'>eorum</span> <span class='ocrx_word' id='word_1_212' title='bbox 3058 2362 3124 2425; x_wconf 89' lang='lat' dir='ltr'>et</span> 
     </span>
     <span class='ocr_line' id='line_1_23' title="bbox 399 2443 3122 2530; baseline 0.002 -23"><span class='ocrx_word' id='word_1_213' title='bbox 399 2443 551 2509; x_wconf 88' lang='lat' dir='ltr'>dicti</span> <span class='ocrx_word' id='word_1_214' title='bbox 597 2444 943 2510; x_wconf 88' lang='lat' dir='ltr'>communis</span> <span class='ocrx_word' id='word_1_215' title='bbox 992 2450 1055 2511; x_wconf 89' lang='lat' dir='ltr'>et</span> <span class='ocrx_word' id='word_1_216' title='bbox 1114 2445 1538 2512; x_wconf 89' lang='lat' dir='ltr'>universitatis</span> <span class='ocrx_word' id='word_1_217' title='bbox 1601 2446 1793 2513; x_wconf 88' lang='lat' dir='ltr'>Jadre</span> <span class='ocrx_word' id='word_1_218' title='bbox 1856 2446 2173 2530; x_wconf 81' lang='lat' dir='ltr'>syndicos,</span> <span class='ocrx_word' id='word_1_219' title='bbox 2237 2448 2507 2524; x_wconf 86' lang='lat' dir='ltr'>actores,</span> <span class='ocrx_word' id='word_1_220' title='bbox 2570 2448 2993 2527; x_wconf 85' lang='lat' dir='ltr'>procuratores</span> <span class='ocrx_word' id='word_1_221' title='bbox 3057 2449 3122 2513; x_wconf 90' lang='lat' dir='ltr'>et</span> 
     </span>
     <span class='ocr_line' id='line_1_24' title="bbox 399 2533 3121 2619; baseline 0.002 -25"><span class='ocrx_word' id='word_1_222' title='bbox 399 2535 598 2595; x_wconf 87' lang='lat' dir='ltr'>certos</span> <span class='ocrx_word' id='word_1_223' title='bbox 642 2534 902 2597; x_wconf 91' lang='lat' dir='ltr'>nuncios</span> <span class='ocrx_word' id='word_1_224' title='bbox 950 2534 1267 2615; x_wconf 83' lang='lat' dir='ltr'>speciales,</span> <span class='ocrx_word' id='word_1_225' title='bbox 1315 2553 1387 2599; x_wconf 88' lang='lat' dir='ltr'>ac</span> <span class='ocrx_word' id='word_1_226' title='bbox 1435 2533 1726 2619; x_wconf 89' lang='lat' dir='ltr'>quicquid</span> <span class='ocrx_word' id='word_1_227' title='bbox 1772 2534 1943 2599; x_wconf 86' lang='lat' dir='ltr'>aliud</span> <span class='ocrx_word' id='word_1_228' title='bbox 1990 2534 2212 2599; x_wconf 90' lang='lat' dir='ltr'>melius</span> <span class='ocrx_word' id='word_1_229' title='bbox 2254 2533 2373 2598; x_wconf 91' lang='lat' dir='ltr'>dici</span> <span class='ocrx_word' id='word_1_230' title='bbox 2425 2534 2490 2597; x_wconf 88' lang='lat' dir='ltr'>et</span> <span class='ocrx_word' id='word_1_231' title='bbox 2531 2533 2765 2599; x_wconf 88' lang='lat' dir='ltr'>censeri</span> <span class='ocrx_word' id='word_1_232' title='bbox 2811 2535 3017 2616; x_wconf 88' lang='lat' dir='ltr'>potest</span> <span class='ocrx_word' id='word_1_233' title='bbox 3045 2535 3121 2599; x_wconf 90' lang='lat' dir='ltr'>de</span> 
     </span>
     <span class='ocr_line' id='line_1_25' title="bbox 397 2618 3123 2706; baseline 0.003 -24"><span class='ocrx_word' id='word_1_234' title='bbox 397 2618 526 2684; x_wconf 89' lang='lat' dir='ltr'>iure</span> <span class='ocrx_word' id='word_1_235' title='bbox 569 2618 923 2703; x_wconf 86' lang='lat' dir='ltr'>specialiter</span> <span class='ocrx_word' id='word_1_236' title='bbox 969 2621 1047 2687; x_wconf 91' lang='lat' dir='ltr'>ad</span> <span class='ocrx_word' id='word_1_237' title='bbox 1095 2620 1443 2700; x_wconf 88' lang='lat' dir='ltr'>essendum,</span> <span class='ocrx_word' id='word_1_238' title='bbox 1507 2619 1962 2701; x_wconf 87' lang='lat' dir='ltr'>conferendum,</span> <span class='ocrx_word' id='word_1_239' title='bbox 2027 2622 2450 2700; x_wconf 84' lang='lat' dir='ltr'>tractandum,</span> <span class='ocrx_word' id='word_1_240' title='bbox 2522 2622 3009 2706; x_wconf 90' lang='lat' dir='ltr'>componendum</span> <span class='ocrx_word' id='word_1_241' title='bbox 3059 2625 3123 2689; x_wconf 91' lang='lat' dir='ltr'>et</span> 
     </span>
     <span class='ocr_line' id='line_1_26' title="bbox 399 2705 3125 2794; baseline 0.001 -22"><span class='ocrx_word' id='word_1_242' title='bbox 399 2705 871 2789; x_wconf 83' lang='lat' dir='ltr'>pacifiscendum</span> <span class='ocrx_word' id='word_1_243' title='bbox 918 2726 1029 2793; x_wconf 90' lang='lat' dir='ltr'>per</span> <span class='ocrx_word' id='word_1_244' title='bbox 1073 2730 1140 2774; x_wconf 90' lang='lat' dir='ltr'>se</span> <span class='ocrx_word' id='word_1_245' title='bbox 1186 2711 1284 2775; x_wconf 90' lang='lat' dir='ltr'>vel</span> <span class='ocrx_word' id='word_1_246' title='bbox 1330 2711 1631 2775; x_wconf 89' lang='lat' dir='ltr'>maiorem</span> <span class='ocrx_word' id='word_1_247' title='bbox 1675 2713 1917 2794; x_wconf 87' lang='lat' dir='ltr'>partem</span> <span class='ocrx_word' id='word_1_248' title='bbox 1966 2728 2174 2774; x_wconf 86' lang='lat' dir='ltr'>eorum</span> <span class='ocrx_word' id='word_1_249' title='bbox 2223 2728 2366 2775; x_wconf 90' lang='lat' dir='ltr'>cum</span> <span class='ocrx_word' id='word_1_250' title='bbox 2395 2709 2885 2793; x_wconf 90' lang='lat' dir='ltr'>quibuscumque</span> <span class='ocrx_word' id='word_1_251' title='bbox 2931 2711 3125 2794; x_wconf 89' lang='lat' dir='ltr'>depu-</span> 
     </span>
     <span class='ocr_line' id='line_1_27' title="bbox 399 2794 3121 2879; baseline 0.002 -22"><span class='ocrx_word' id='word_1_252' title='bbox 399 2795 549 2860; x_wconf 83' lang='lat' dir='ltr'>tatis</span> <span class='ocrx_word' id='word_1_253' title='bbox 596 2795 694 2859; x_wconf 87' lang='lat' dir='ltr'>vel</span> <span class='ocrx_word' id='word_1_254' title='bbox 740 2794 1107 2879; x_wconf 89' lang='lat' dir='ltr'>deputandis</span> <span class='ocrx_word' id='word_1_255' title='bbox 1152 2817 1189 2863; x_wconf 90' lang='lat' dir='ltr'>a</span> <span class='ocrx_word' id='word_1_256' title='bbox 1233 2796 1440 2863; x_wconf 88' lang='lat' dir='ltr'>ducali</span> <span class='ocrx_word' id='word_1_257' title='bbox 1484 2798 1755 2862; x_wconf 90' lang='lat' dir='ltr'>dominio</span> <span class='ocrx_word' id='word_1_258' title='bbox 1782 2797 2162 2862; x_wconf 90' lang='lat' dir='ltr'>Venetorum</span> <span class='ocrx_word' id='word_1_259' title='bbox 2198 2816 2383 2879; x_wconf 87' lang='lat' dir='ltr'>super</span> <span class='ocrx_word' id='word_1_260' title='bbox 2429 2796 2591 2861; x_wconf 84' lang='lat' dir='ltr'>facto</span> <span class='ocrx_word' id='word_1_261' title='bbox 2617 2796 2859 2862; x_wconf 85' lang='lat' dir='ltr'>emendi</span> <span class='ocrx_word' id='word_1_262' title='bbox 2906 2798 3121 2877; x_wconf 84' lang='lat' dir='ltr'>salem,</span> 
     </span>
     <span class='ocr_line' id='line_1_28' title="bbox 400 2881 3124 2968; baseline 0.002 -24"><span class='ocrx_word' id='word_1_263' title='bbox 400 2881 503 2963; x_wconf 92' lang='lat' dir='ltr'>qui</span> <span class='ocrx_word' id='word_1_264' title='bbox 549 2881 658 2946; x_wconf 89' lang='lat' dir='ltr'>fiet</span> <span class='ocrx_word' id='word_1_265' title='bbox 703 2881 779 2947; x_wconf 89' lang='lat' dir='ltr'>de</span> <span class='ocrx_word' id='word_1_266' title='bbox 824 2886 1029 2950; x_wconf 90' lang='lat' dir='ltr'>cetero</span> <span class='ocrx_word' id='word_1_267' title='bbox 1079 2884 1142 2949; x_wconf 90' lang='lat' dir='ltr'>in</span> <span class='ocrx_word' id='word_1_268' title='bbox 1189 2884 1476 2950; x_wconf 89' lang='lat' dir='ltr'>districtu</span> <span class='ocrx_word' id='word_1_269' title='bbox 1522 2885 1709 2952; x_wconf 86' lang='lat' dir='ltr'>Jadre</span> <span class='ocrx_word' id='word_1_270' title='bbox 1758 2889 1823 2950; x_wconf 87' lang='lat' dir='ltr'>et</span> <span class='ocrx_word' id='word_1_271' title='bbox 1869 2885 1930 2948; x_wconf 90' lang='lat' dir='ltr'>in</span> <span class='ocrx_word' id='word_1_272' title='bbox 1979 2884 2259 2968; x_wconf 89' lang='lat' dir='ltr'>qualibet</span> <span class='ocrx_word' id='word_1_273' title='bbox 2310 2885 2484 2967; x_wconf 88' lang='lat' dir='ltr'>parte</span> <span class='ocrx_word' id='word_1_274' title='bbox 2534 2886 2599 2948; x_wconf 89' lang='lat' dir='ltr'>et</span> <span class='ocrx_word' id='word_1_275' title='bbox 2648 2884 2781 2948; x_wconf 90' lang='lat' dir='ltr'>loco</span> <span class='ocrx_word' id='word_1_276' title='bbox 2828 2885 2981 2950; x_wconf 90' lang='lat' dir='ltr'>dicti</span> <span class='ocrx_word' id='word_1_277' title='bbox 3028 2886 3124 2950; x_wconf 93' lang='lat' dir='ltr'>di-</span> 
     </span>
     <span class='ocr_line' id='line_1_29' title="bbox 398 2969 3124 3055; baseline 0.002 -23"><span class='ocrx_word' id='word_1_278' title='bbox 398 2969 673 3050; x_wconf 82' lang='lat' dir='ltr'>strictuS,</span> <span class='ocrx_word' id='word_1_279' title='bbox 719 2972 783 3035; x_wconf 90' lang='lat' dir='ltr'>et</span> <span class='ocrx_word' id='word_1_280' title='bbox 824 2972 903 3036; x_wconf 84' lang='lat' dir='ltr'>ad</span> <span class='ocrx_word' id='word_1_281' title='bbox 947 2972 1435 3055; x_wconf 88' lang='lat' dir='ltr'>promittendum</span> <span class='ocrx_word' id='word_1_282' title='bbox 1481 2973 1728 3038; x_wconf 88' lang='lat' dir='ltr'>nomine</span> <span class='ocrx_word' id='word_1_283' title='bbox 1769 2991 1981 3038; x_wconf 90' lang='lat' dir='ltr'>eorum</span> <span class='ocrx_word' id='word_1_284' title='bbox 2047 2974 2111 3036; x_wconf 92' lang='lat' dir='ltr'>et</span> <span class='ocrx_word' id='word_1_285' title='bbox 2156 2971 2306 3035; x_wconf 90' lang='lat' dir='ltr'>dicti</span> <span class='ocrx_word' id='word_1_286' title='bbox 2374 2971 2718 3036; x_wconf 88' lang='lat' dir='ltr'>communis</span> <span class='ocrx_word' id='word_1_287' title='bbox 2766 2973 2827 3035; x_wconf 90' lang='lat' dir='ltr'>et</span> <span class='ocrx_word' id='word_1_288' title='bbox 2877 2973 3124 3039; x_wconf 87' lang='lat' dir='ltr'>univer-</span> 
     </span>
     <span class='ocr_line' id='line_1_30' title="bbox 398 3055 3122 3144; baseline 0.002 -24"><span class='ocrx_word' id='word_1_289' title='bbox 398 3055 605 3121; x_wconf 84' lang='lat' dir='ltr'>sitatis</span> <span class='ocrx_word' id='word_1_290' title='bbox 665 3056 859 3124; x_wconf 84' lang='lat' dir='ltr'>Jadre</span> <span class='ocrx_word' id='word_1_291' title='bbox 921 3063 983 3124; x_wconf 88' lang='lat' dir='ltr'>et</span> <span class='ocrx_word' id='word_1_292' title='bbox 1047 3060 1441 3144; x_wconf 56' lang='lat' dir='ltr'>singularum&gt;</span> <span class='ocrx_word' id='word_1_293' title='bbox 1500 3077 1902 3144; x_wconf 89' lang='lat' dir='ltr'>personarum</span> <span class='ocrx_word' id='word_1_294' title='bbox 1967 3058 2133 3123; x_wconf 88' lang='lat' dir='ltr'>dicte</span> <span class='ocrx_word' id='word_1_295' title='bbox 2192 3057 2465 3123; x_wconf 86' lang='lat' dir='ltr'>civitatis</span> <span class='ocrx_word' id='word_1_296' title='bbox 2528 3060 2591 3123; x_wconf 88' lang='lat' dir='ltr'>et</span> <span class='ocrx_word' id='word_1_297' title='bbox 2661 3058 2984 3126; x_wconf 87' lang='lat' dir='ltr'>districtus</span> <span class='ocrx_word' id='word_1_298' title='bbox 3048 3061 3122 3126; x_wconf 89' lang='lat' dir='ltr'>de</span> 
     </span>
     <span class='ocr_line' id='line_1_31' title="bbox 397 3143 3124 3231; baseline 0.003 -24"><span class='ocrx_word' id='word_1_299' title='bbox 397 3143 616 3223; x_wconf 87' lang='lat' dir='ltr'>dando,</span> <span class='ocrx_word' id='word_1_300' title='bbox 660 3146 956 3212; x_wconf 86' lang='lat' dir='ltr'>tradendo</span> <span class='ocrx_word' id='word_1_301' title='bbox 1003 3149 1068 3212; x_wconf 92' lang='lat' dir='ltr'>et</span> <span class='ocrx_word' id='word_1_302' title='bbox 1110 3148 1480 3231; x_wconf 86' lang='lat' dir='ltr'>assignando</span> <span class='ocrx_word' id='word_1_303' title='bbox 1526 3147 1725 3213; x_wconf 90' lang='lat' dir='ltr'>eidem</span> <span class='ocrx_word' id='word_1_304' title='bbox 1768 3146 1969 3213; x_wconf 86' lang='lat' dir='ltr'>ducali</span> <span class='ocrx_word' id='word_1_305' title='bbox 2018 3146 2289 3211; x_wconf 91' lang='lat' dir='ltr'>dominio</span> <span class='ocrx_word' id='word_1_306' title='bbox 2337 3147 2741 3211; x_wconf 90' lang='lat' dir='ltr'>Venetiarum</span> <span class='ocrx_word' id='word_1_307' title='bbox 2804 3165 2911 3213; x_wconf 90' lang='lat' dir='ltr'>seu</span> <span class='ocrx_word' id='word_1_308' title='bbox 2968 3169 3124 3214; x_wconf 90' lang='lat' dir='ltr'>nun-</span> 
     </span>
     <span class='ocr_line' id='line_1_32' title="bbox 401 3231 3122 3320; baseline 0.002 -25"><span class='ocrx_word' id='word_1_309' title='bbox 401 3231 505 3296; x_wconf 85' lang='lat' dir='ltr'>tiis</span> <span class='ocrx_word' id='word_1_310' title='bbox 550 3232 650 3297; x_wconf 91' lang='lat' dir='ltr'>vel</span> <span class='ocrx_word' id='word_1_311' title='bbox 695 3233 1063 3300; x_wconf 84' lang='lat' dir='ltr'>officialibus</span> <span class='ocrx_word' id='word_1_312' title='bbox 1108 3234 1191 3300; x_wconf 91' lang='lat' dir='ltr'>ad</span> <span class='ocrx_word' id='word_1_313' title='bbox 1236 3237 1347 3302; x_wconf 90' lang='lat' dir='ltr'>hec</span> <span class='ocrx_word' id='word_1_314' title='bbox 1393 3256 1503 3320; x_wconf 89' lang='lat' dir='ltr'>per</span> <span class='ocrx_word' id='word_1_315' title='bbox 1548 3234 1766 3301; x_wconf 86' lang='lat' dir='ltr'>ducale</span> <span class='ocrx_word' id='word_1_316' title='bbox 1790 3235 2135 3301; x_wconf 88' lang='lat' dir='ltr'>dominium</span> <span class='ocrx_word' id='word_1_317' title='bbox 2160 3233 2474 3317; x_wconf 89' lang='lat' dir='ltr'>deputatis</span> <span class='ocrx_word' id='word_1_318' title='bbox 2525 3233 2709 3299; x_wconf 89' lang='lat' dir='ltr'>titulo</span> <span class='ocrx_word' id='word_1_319' title='bbox 2751 3235 3122 3301; x_wconf 80' lang='lat' dir='ltr'>venditionis</span> 
     </span>
     <span class='ocr_line' id='line_1_33' title="bbox 396 3321 3122 3407; baseline 0.002 -24"><span class='ocrx_word' id='word_1_320' title='bbox 396 3336 642 3384; x_wconf 87' lang='lat' dir='ltr'>omnem</span> <span class='ocrx_word' id='word_1_321' title='bbox 688 3322 754 3386; x_wconf 91' lang='lat' dir='ltr'>et</span> <span class='ocrx_word' id='word_1_322' title='bbox 795 3324 994 3387; x_wconf 87' lang='lat' dir='ltr'>totum</span> <span class='ocrx_word' id='word_1_323' title='bbox 1043 3323 1259 3402; x_wconf 82' lang='lat' dir='ltr'>salem,</span> <span class='ocrx_word' id='word_1_324' title='bbox 1307 3324 1467 3407; x_wconf 90' lang='lat' dir='ltr'>quod</span> <span class='ocrx_word' id='word_1_325' title='bbox 1515 3325 1588 3388; x_wconf 88' lang='lat' dir='ltr'>de</span> <span class='ocrx_word' id='word_1_326' title='bbox 1635 3323 1838 3388; x_wconf 89' lang='lat' dir='ltr'>cetero</span> <span class='ocrx_word' id='word_1_327' title='bbox 1886 3322 1992 3386; x_wconf 87' lang='lat' dir='ltr'>fiet</span> <span class='ocrx_word' id='word_1_328' title='bbox 2039 3322 2101 3386; x_wconf 91' lang='lat' dir='ltr'>in</span> <span class='ocrx_word' id='word_1_329' title='bbox 2149 3322 2371 3386; x_wconf 88' lang='lat' dir='ltr'>salinis</span> <span class='ocrx_word' id='word_1_330' title='bbox 2419 3321 2742 3387; x_wconf 88' lang='lat' dir='ltr'>districtus</span> <span class='ocrx_word' id='word_1_331' title='bbox 2788 3323 2977 3388; x_wconf 87' lang='lat' dir='ltr'>Jadre</span> <span class='ocrx_word' id='word_1_332' title='bbox 3015 3343 3122 3389; x_wconf 87' lang='lat' dir='ltr'>seu</span> 
     </span>
     <span class='ocr_line' id='line_1_34' title="bbox 397 3409 3121 3495; baseline 0.002 -24"><span class='ocrx_word' id='word_1_333' title='bbox 397 3409 634 3489; x_wconf 79' lang='lat' dir='ltr'>partem</span> <span class='ocrx_word' id='word_1_334' title='bbox 676 3409 829 3487; x_wconf 88' lang='lat' dir='ltr'>eius,</span> <span class='ocrx_word' id='word_1_335' title='bbox 879 3414 943 3475; x_wconf 93' lang='lat' dir='ltr'>et</span> <span class='ocrx_word' id='word_1_336' title='bbox 988 3411 1065 3476; x_wconf 91' lang='lat' dir='ltr'>ad</span> <span class='ocrx_word' id='word_1_337' title='bbox 1112 3411 1595 3477; x_wconf 87' lang='lat' dir='ltr'>conveniendum</span> <span class='ocrx_word' id='word_1_338' title='bbox 1641 3410 1718 3475; x_wconf 96' lang='lat' dir='ltr'>de</span> <span class='ocrx_word' id='word_1_339' title='bbox 1762 3409 1962 3495; x_wconf 87' lang='lat' dir='ltr'>pretio</span> <span class='ocrx_word' id='word_1_340' title='bbox 2008 3409 2159 3474; x_wconf 91' lang='lat' dir='ltr'>dicti</span> <span class='ocrx_word' id='word_1_341' title='bbox 2206 3410 2376 3488; x_wconf 74' lang='lat' dir='ltr'>saliS,</span> <span class='ocrx_word' id='word_1_342' title='bbox 2440 3412 2503 3473; x_wconf 89' lang='lat' dir='ltr'>et</span> <span class='ocrx_word' id='word_1_343' title='bbox 2550 3409 2627 3476; x_wconf 89' lang='lat' dir='ltr'>de</span> <span class='ocrx_word' id='word_1_344' title='bbox 2674 3412 2950 3493; x_wconf 89' lang='lat' dir='ltr'>tempore</span> <span class='ocrx_word' id='word_1_345' title='bbox 3014 3431 3121 3478; x_wconf 90' lang='lat' dir='ltr'>seu</span> 
     </span>
     <span class='ocr_line' id='line_1_35' title="bbox 396 3495 3122 3583; baseline 0.001 -24"><span class='ocrx_word' id='word_1_346' title='bbox 396 3495 660 3560; x_wconf 86' lang='lat' dir='ltr'>termino</span> <span class='ocrx_word' id='word_1_347' title='bbox 705 3515 901 3580; x_wconf 87' lang='lat' dir='ltr'>usque</span> <span class='ocrx_word' id='word_1_348' title='bbox 944 3499 1022 3563; x_wconf 87' lang='lat' dir='ltr'>ad</span> <span class='ocrx_word' id='word_1_349' title='bbox 1068 3499 1225 3580; x_wconf 91' lang='lat' dir='ltr'>quod</span> <span class='ocrx_word' id='word_1_350' title='bbox 1272 3519 1380 3566; x_wconf 89' lang='lat' dir='ltr'>seu</span> <span class='ocrx_word' id='word_1_351' title='bbox 1425 3519 1610 3582; x_wconf 87' lang='lat' dir='ltr'>quem</span> <span class='ocrx_word' id='word_1_352' title='bbox 1649 3497 1947 3564; x_wconf 88' lang='lat' dir='ltr'>deberent</span> <span class='ocrx_word' id='word_1_353' title='bbox 1991 3498 2211 3562; x_wconf 89' lang='lat' dir='ltr'>durare</span> <span class='ocrx_word' id='word_1_354' title='bbox 2274 3498 2578 3579; x_wconf 87' lang='lat' dir='ltr'>premissa</span> <span class='ocrx_word' id='word_1_355' title='bbox 2637 3516 2779 3562; x_wconf 86' lang='lat' dir='ltr'>cum</span> <span class='ocrx_word' id='word_1_356' title='bbox 2827 3499 2955 3564; x_wconf 91' lang='lat' dir='ltr'>illis</span> <span class='ocrx_word' id='word_1_357' title='bbox 3010 3518 3122 3583; x_wconf 88' lang='lat' dir='ltr'>pa-</span> 
     </span>
     <span class='ocr_line' id='line_1_36' title="bbox 398 3583 3124 3670; baseline 0.001 -24"><span class='ocrx_word' id='word_1_358' title='bbox 398 3583 534 3661; x_wconf 87' lang='lat' dir='ltr'>ctis,</span> <span class='ocrx_word' id='word_1_359' title='bbox 582 3584 1053 3664; x_wconf 90' lang='lat' dir='ltr'>conditionibus,</span> <span class='ocrx_word' id='word_1_360' title='bbox 1103 3585 1303 3652; x_wconf 91' lang='lat' dir='ltr'>modis</span> <span class='ocrx_word' id='word_1_361' title='bbox 1348 3590 1413 3652; x_wconf 88' lang='lat' dir='ltr'>et</span> <span class='ocrx_word' id='word_1_362' title='bbox 1458 3586 1671 3651; x_wconf 90' lang='lat' dir='ltr'>formis</span> <span class='ocrx_word' id='word_1_363' title='bbox 1699 3635 1714 3665; x_wconf 93' lang='lat'>,</span> <span class='ocrx_word' id='word_1_364' title='bbox 1781 3585 1886 3669; x_wconf 90' lang='lat' dir='ltr'>qui</span> <span class='ocrx_word' id='word_1_365' title='bbox 1949 3584 2134 3649; x_wconf 90' lang='lat' dir='ltr'>dictis</span> <span class='ocrx_word' id='word_1_366' title='bbox 2197 3585 2696 3667; x_wconf 88' lang='lat' dir='ltr'>procuratoribus</span> <span class='ocrx_word' id='word_1_367' title='bbox 2742 3587 2809 3650; x_wconf 89' lang='lat' dir='ltr'>et</span> <span class='ocrx_word' id='word_1_368' title='bbox 2845 3587 3124 3670; x_wconf 84' lang='lat' dir='ltr'>syndicis</span> 
     </span>
     <span class='ocr_line' id='line_1_37' title="bbox 401 3670 3124 3756; baseline 0.002 -23"><span class='ocrx_word' id='word_1_369' title='bbox 401 3670 494 3734; x_wconf 78' lang='lat' dir='ltr'>vel</span> <span class='ocrx_word' id='word_1_370' title='bbox 527 3671 754 3736; x_wconf 82' lang='lat' dir='ltr'>&#39;maiori</span> <span class='ocrx_word' id='word_1_371' title='bbox 801 3673 964 3755; x_wconf 82' lang='lat' dir='ltr'>parti</span> <span class='ocrx_word' id='word_1_372' title='bbox 1011 3693 1218 3739; x_wconf 89' lang='lat' dir='ltr'>eorum</span> <span class='ocrx_word' id='word_1_373' title='bbox 1262 3674 1631 3740; x_wconf 88' lang='lat' dir='ltr'>videbuntur</span> <span class='ocrx_word' id='word_1_374' title='bbox 1681 3677 1746 3739; x_wconf 85' lang='lat' dir='ltr'>et</span> <span class='ocrx_word' id='word_1_375' title='bbox 1794 3673 2153 3756; x_wconf 90' lang='lat' dir='ltr'>placebunt,</span> <span class='ocrx_word' id='word_1_376' title='bbox 2203 3673 2269 3737; x_wconf 89' lang='lat' dir='ltr'>et</span> <span class='ocrx_word' id='word_1_377' title='bbox 2312 3672 2537 3755; x_wconf 89' lang='lat' dir='ltr'>quibus</span> <span class='ocrx_word' id='word_1_378' title='bbox 2570 3691 2706 3737; x_wconf 88' lang='lat' dir='ltr'>cum</span> <span class='ocrx_word' id='word_1_379' title='bbox 2743 3673 3124 3756; x_wconf 88' lang='lat' dir='ltr'>emptoribus</span> 
     </span>
     <span class='ocr_line' id='line_1_38' title="bbox 398 3756 3127 3844; baseline 0.002 -24"><span class='ocrx_word' id='word_1_380' title='bbox 398 3756 548 3822; x_wconf 90' lang='lat' dir='ltr'>dicti</span> <span class='ocrx_word' id='word_1_381' title='bbox 594 3758 745 3824; x_wconf 81' lang='lat' dir='ltr'>salis</span> <span class='ocrx_word' id='word_1_382' title='bbox 791 3763 1083 3842; x_wconf 83' lang='lat' dir='ltr'>poterunt</span> <span class='ocrx_word' id='word_1_383' title='bbox 1125 3763 1481 3838; x_wconf 79' lang='lat' dir='ltr'>convenire3</span> <span class='ocrx_word' id='word_1_384' title='bbox 1530 3761 1595 3828; x_wconf 91' lang='lat' dir='ltr'>et</span> <span class='ocrx_word' id='word_1_385' title='bbox 1639 3763 1716 3826; x_wconf 88' lang='lat' dir='ltr'>ad</span> <span class='ocrx_word' id='word_1_386' title='bbox 1761 3761 2119 3826; x_wconf 84' lang='lat' dir='ltr'>faciendum</span> <span class='ocrx_word' id='word_1_387' title='bbox 2169 3761 2233 3825; x_wconf 89' lang='lat' dir='ltr'>et</span> <span class='ocrx_word' id='word_1_388' title='bbox 2277 3759 2411 3824; x_wconf 87' lang='lat' dir='ltr'>fieri</span> <span class='ocrx_word' id='word_1_389' title='bbox 2474 3759 2822 3825; x_wconf 85' lang='lat' dir='ltr'>faciendum</span> <span class='ocrx_word' id='word_1_390' title='bbox 2867 3760 2944 3825; x_wconf 93' lang='lat' dir='ltr'>de</span> <span class='ocrx_word' id='word_1_391' title='bbox 2990 3780 3127 3844; x_wconf 88' lang='lat' dir='ltr'>pre-</span> 
     </span>
     <span class='ocr_line' id='line_1_39' title="bbox 400 3843 3125 3932; baseline 0.001 -23"><span class='ocrx_word' id='word_1_392' title='bbox 400 3843 582 3910; x_wconf 88' lang='lat' dir='ltr'>dictis</span> <span class='ocrx_word' id='word_1_393' title='bbox 621 3848 687 3911; x_wconf 89' lang='lat' dir='ltr'>et</span> <span class='ocrx_word' id='word_1_394' title='bbox 732 3847 1005 3929; x_wconf 88' lang='lat' dir='ltr'>quolibet</span> <span class='ocrx_word' id='word_1_395' title='bbox 1050 3850 1469 3932; x_wconf 89' lang='lat' dir='ltr'>predictorum</span> <span class='ocrx_word' id='word_1_396' title='bbox 1515 3868 1706 3928; x_wconf 81' lang='lat' dir='ltr'>unum</span> <span class='ocrx_word' id='word_1_397' title='bbox 1750 3850 1817 3913; x_wconf 90' lang='lat' dir='ltr'>et</span> <span class='ocrx_word' id='word_1_398' title='bbox 1865 3848 2049 3930; x_wconf 91' lang='lat' dir='ltr'>plura</span> <span class='ocrx_word' id='word_1_399' title='bbox 2095 3846 2343 3929; x_wconf 88' lang='lat' dir='ltr'>publica</span> <span class='ocrx_word' id='word_1_400' title='bbox 2381 3847 2752 3913; x_wconf 87' lang='lat' dir='ltr'>documenta</span> <span class='ocrx_word' id='word_1_401' title='bbox 2785 3864 2973 3912; x_wconf 87' lang='lat' dir='ltr'>manu</span> <span class='ocrx_word' id='word_1_402' title='bbox 3020 3866 3125 3913; x_wconf 90' lang='lat' dir='ltr'>cu-</span> 
     </span>
     <span class='ocr_line' id='line_1_40' title="bbox 399 3930 3118 4019; baseline 0.001 -23"><span class='ocrx_word' id='word_1_403' title='bbox 399 3930 755 4016; x_wconf 88' lang='lat' dir='ltr'>iuscumque</span> <span class='ocrx_word' id='word_1_404' title='bbox 799 3936 1040 4014; x_wconf 86' lang='lat' dir='ltr'>notarii,</span> <span class='ocrx_word' id='word_1_405' title='bbox 1088 3939 1153 4002; x_wconf 87' lang='lat' dir='ltr'>et</span> <span class='ocrx_word' id='word_1_406' title='bbox 1196 3936 1402 4018; x_wconf 90' lang='lat' dir='ltr'>ipsum</span> <span class='ocrx_word' id='word_1_407' title='bbox 1449 3939 1513 4002; x_wconf 89' lang='lat' dir='ltr'>et</span> <span class='ocrx_word' id='word_1_408' title='bbox 1564 3931 1700 4019; x_wconf 86' lang='lat' dir='ltr'>ipsa</span> <span class='ocrx_word' id='word_1_409' title='bbox 1761 3934 2137 4012; x_wconf 81' lang='lat' dir='ltr'>vallandam,</span> <span class='ocrx_word' id='word_1_410' title='bbox 2200 3935 2642 4013; x_wconf 87' lang='lat' dir='ltr'>roborandum,</span> <span class='ocrx_word' id='word_1_411' title='bbox 2710 3936 3118 4000; x_wconf 89' lang='lat' dir='ltr'>muniendum</span> 
     </span>
     <span class='ocr_line' id='line_1_41' title="bbox 398 4020 3114 4108; baseline 0.001 -25"><span class='ocrx_word' id='word_1_412' title='bbox 398 4020 462 4083; x_wconf 88' lang='lat' dir='ltr'>et</span> <span class='ocrx_word' id='word_1_413' title='bbox 507 4023 1000 4088; x_wconf 87' lang='lat' dir='ltr'>confirmandum</span> <span class='ocrx_word' id='word_1_414' title='bbox 1047 4024 1334 4089; x_wconf 91' lang='lat' dir='ltr'>omnibus</span> <span class='ocrx_word' id='word_1_415' title='bbox 1382 4026 1447 4089; x_wconf 89' lang='lat' dir='ltr'>et</span> <span class='ocrx_word' id='word_1_416' title='bbox 1491 4024 1755 4108; x_wconf 84' lang='lat' dir='ltr'>singulis</span> <span class='ocrx_word' id='word_1_417' title='bbox 1804 4021 2348 4107; x_wconf 78' lang='lat' dir='ltr'>promissionibuS,</span> <span class='ocrx_word' id='word_1_418' title='bbox 2396 4022 2880 4105; x_wconf 86' lang='lat' dir='ltr'>obligationibus</span> <span class='ocrx_word' id='word_1_419' title='bbox 2906 4072 2921 4100; x_wconf 94' lang='lat'>,</span> <span class='ocrx_word' id='word_1_420' title='bbox 2971 4041 3114 4087; x_wconf 85' lang='lat' dir='ltr'>con-</span> 
     </span>
     <span class='ocr_line' id='line_1_42' title="bbox 402 4108 3113 4193; baseline 0.002 -24"><span class='ocrx_word' id='word_1_421' title='bbox 402 4108 809 4187; x_wconf 78' lang='lat' dir='ltr'>ventionibuS,</span> <span class='ocrx_word' id='word_1_422' title='bbox 857 4111 1077 4193; x_wconf 91' lang='lat' dir='ltr'>pactis,</span> <span class='ocrx_word' id='word_1_423' title='bbox 1126 4111 1341 4190; x_wconf 91' lang='lat' dir='ltr'>modis,</span> <span class='ocrx_word' id='word_1_424' title='bbox 1392 4111 1903 4188; x_wconf 78' lang='lat' dir='ltr'>condictionibuS,</span> <span class='ocrx_word' id='word_1_425' title='bbox 1963 4128 2114 4192; x_wconf 88' lang='lat' dir='ltr'>pene</span> <span class='ocrx_word' id='word_1_426' title='bbox 2162 4110 2225 4174; x_wconf 88' lang='lat' dir='ltr'>et</span> <span class='ocrx_word' id='word_1_427' title='bbox 2285 4127 2581 4191; x_wconf 88' lang='lat' dir='ltr'>penarum</span> <span class='ocrx_word' id='word_1_428' title='bbox 2644 4109 3113 4186; x_wconf 88' lang='lat' dir='ltr'>adiectionibus,</span> 
     </span>
     <span class='ocr_line' id='line_1_43' title="bbox 402 4193 3117 4283; baseline 0.001 -24"><span class='ocrx_word' id='word_1_429' title='bbox 402 4193 552 4260; x_wconf 81' lang='lat' dir='ltr'>dicti</span> <span class='ocrx_word' id='word_1_430' title='bbox 592 4199 959 4276; x_wconf 89' lang='lat' dir='ltr'>communis,</span> <span class='ocrx_word' id='word_1_431' title='bbox 1009 4198 1435 4264; x_wconf 87' lang='lat' dir='ltr'>universitatis</span> <span class='ocrx_word' id='word_1_432' title='bbox 1499 4200 1564 4265; x_wconf 89' lang='lat' dir='ltr'>et</span> <span class='ocrx_word' id='word_1_433' title='bbox 1623 4199 2009 4283; x_wconf 84' lang='lat' dir='ltr'>singularum</span> <span class='ocrx_word' id='word_1_434' title='bbox 2075 4214 2476 4280; x_wconf 85' lang='lat' dir='ltr'>personarum</span> <span class='ocrx_word' id='word_1_435' title='bbox 2522 4197 2683 4262; x_wconf 90' lang='lat' dir='ltr'>dicte</span> <span class='ocrx_word' id='word_1_436' title='bbox 2730 4197 3003 4263; x_wconf 82' lang='lat' dir='ltr'>civitatis</span> <span class='ocrx_word' id='word_1_437' title='bbox 3051 4199 3117 4262; x_wconf 90' lang='lat' dir='ltr'>et</span> 
     </span>
     <span class='ocr_line' id='line_1_44' title="bbox 402 4281 3120 4370; baseline 0.002 -26"><span class='ocrx_word' id='word_1_438' title='bbox 402 4281 717 4349; x_wconf 86' lang='lat' dir='ltr'>districtus</span> <span class='ocrx_word' id='word_1_439' title='bbox 762 4284 954 4351; x_wconf 84' lang='lat' dir='ltr'>Jadre</span> <span class='ocrx_word' id='word_1_440' title='bbox 995 4288 1060 4350; x_wconf 88' lang='lat' dir='ltr'>et</span> <span class='ocrx_word' id='word_1_441' title='bbox 1104 4304 1523 4352; x_wconf 90' lang='lat' dir='ltr'>successorum</span> <span class='ocrx_word' id='word_1_442' title='bbox 1571 4287 1755 4370; x_wconf 90' lang='lat' dir='ltr'>atque</span> <span class='ocrx_word' id='word_1_443' title='bbox 1800 4284 2096 4350; x_wconf 88' lang='lat' dir='ltr'>heredum</span> <span class='ocrx_word' id='word_1_444' title='bbox 2145 4302 2394 4348; x_wconf 89' lang='lat' dir='ltr'>suorum</span> <span class='ocrx_word' id='word_1_445' title='bbox 2444 4285 2741 4350; x_wconf 89' lang='lat' dir='ltr'>bonorum</span> <span class='ocrx_word' id='word_1_446' title='bbox 2786 4285 3120 4369; x_wconf 85' lang='lat' dir='ltr'>obligatio-</span> 
     </span>
     <span class='ocr_line' id='line_1_45' title="bbox 405 4368 3119 4458; baseline 0.001 -25"><span class='ocrx_word' id='word_1_447' title='bbox 405 4368 600 4447; x_wconf 89' lang='lat' dir='ltr'>nibus,</span> <span class='ocrx_word' id='word_1_448' title='bbox 636 4373 1218 4451; x_wconf 85' lang='lat' dir='ltr'>renuntiationibus,</span> <span class='ocrx_word' id='word_1_449' title='bbox 1274 4375 1336 4439; x_wconf 87' lang='lat' dir='ltr'>et</span> <span class='ocrx_word' id='word_1_450' title='bbox 1398 4373 1880 4458; x_wconf 89' lang='lat' dir='ltr'>quibuscumque</span> <span class='ocrx_word' id='word_1_451' title='bbox 1947 4372 2088 4436; x_wconf 86' lang='lat' dir='ltr'>aliis</span> <span class='ocrx_word' id='word_1_452' title='bbox 2152 4371 2698 4455; x_wconf 86' lang='lat' dir='ltr'>solempnitatibus</span> <span class='ocrx_word' id='word_1_453' title='bbox 2766 4373 2829 4438; x_wconf 92' lang='lat' dir='ltr'>in</span> <span class='ocrx_word' id='word_1_454' title='bbox 2885 4373 3119 4438; x_wconf 89' lang='lat' dir='ltr'>talibus</span> 
     </span>
     <span class='ocr_line' id='line_1_46' title="bbox 407 4456 3120 4544; baseline 0.001 -25"><span class='ocrx_word' id='word_1_455' title='bbox 407 4456 499 4521; x_wconf 80' lang='lat' dir='ltr'>vel</span> <span class='ocrx_word' id='word_1_456' title='bbox 543 4457 856 4525; x_wconf 86' lang='lat' dir='ltr'>similibus</span> <span class='ocrx_word' id='word_1_457' title='bbox 897 4461 1318 4527; x_wconf 89' lang='lat' dir='ltr'>contractibus</span> <span class='ocrx_word' id='word_1_458' title='bbox 1360 4462 1608 4527; x_wconf 89' lang='lat' dir='ltr'>usitatis</span> <span class='ocrx_word' id='word_1_459' title='bbox 1657 4479 1766 4526; x_wconf 92' lang='lat' dir='ltr'>seu</span> <span class='ocrx_word' id='word_1_460' title='bbox 1821 4459 2282 4543; x_wconf 90' lang='lat' dir='ltr'>quomodolibet</span> <span class='ocrx_word' id='word_1_461' title='bbox 2343 4460 2666 4543; x_wconf 84' lang='lat' dir='ltr'>oportunis</span> <span class='ocrx_word' id='word_1_462' title='bbox 2690 4509 2705 4537; x_wconf 90' lang='lat'>,</span> <span class='ocrx_word' id='word_1_463' title='bbox 2755 4463 2818 4525; x_wconf 91' lang='lat' dir='ltr'>et</span> <span class='ocrx_word' id='word_1_464' title='bbox 2863 4479 3120 4544; x_wconf 87' lang='lat' dir='ltr'>genera-</span> 
     </span>
     <span class='ocr_line' id='line_1_47' title="bbox 405 4541 3112 4633; baseline 0.002 -29"><span class='ocrx_word' id='word_1_465' title='bbox 405 4541 540 4610; x_wconf 86' lang='lat' dir='ltr'>liter</span> <span class='ocrx_word' id='word_1_466' title='bbox 584 4546 662 4611; x_wconf 88' lang='lat' dir='ltr'>ad</span> <span class='ocrx_word' id='word_1_467' title='bbox 708 4547 921 4612; x_wconf 91' lang='lat' dir='ltr'>omnia</span> <span class='ocrx_word' id='word_1_468' title='bbox 960 4549 1086 4613; x_wconf 91' lang='lat' dir='ltr'>alia</span> <span class='ocrx_word' id='word_1_469' title='bbox 1130 4551 1193 4613; x_wconf 90' lang='lat' dir='ltr'>et</span> <span class='ocrx_word' id='word_1_470' title='bbox 1236 4548 1488 4633; x_wconf 86' lang='lat' dir='ltr'>singula</span> <span class='ocrx_word' id='word_1_471' title='bbox 1512 4548 1809 4627; x_wconf 89' lang='lat' dir='ltr'>facienda,</span> <span class='ocrx_word' id='word_1_472' title='bbox 1859 4546 2211 4625; x_wconf 86' lang='lat' dir='ltr'>exercenda,</span> <span class='ocrx_word' id='word_1_473' title='bbox 2256 4547 2322 4611; x_wconf 88' lang='lat' dir='ltr'>et</span> <span class='ocrx_word' id='word_1_474' title='bbox 2362 4546 2664 4612; x_wconf 87' lang='lat' dir='ltr'>firmanda</span> <span class='ocrx_word' id='word_1_475' title='bbox 2708 4546 2769 4611; x_wconf 89' lang='lat' dir='ltr'>in</span> <span class='ocrx_word' id='word_1_476' title='bbox 2816 4546 3112 4632; x_wconf 90' lang='lat' dir='ltr'>predictis</span> 
     </span>
     <span class='ocr_line' id='line_1_48' title="bbox 405 4632 3113 4720; baseline 0 -26"><span class='ocrx_word' id='word_1_477' title='bbox 405 4632 466 4694; x_wconf 86' lang='lat' dir='ltr'>et</span> <span class='ocrx_word' id='word_1_478' title='bbox 506 4633 779 4714; x_wconf 87' lang='lat' dir='ltr'>quolibet</span> <span class='ocrx_word' id='word_1_479' title='bbox 824 4635 1263 4719; x_wconf 87' lang='lat' dir='ltr'>predictorum,</span> <span class='ocrx_word' id='word_1_480' title='bbox 1311 4655 1431 4719; x_wconf 89' lang='lat' dir='ltr'>que</span> <span class='ocrx_word' id='word_1_481' title='bbox 1481 4637 1735 4720; x_wconf 89' lang='lat' dir='ltr'>ipsimet</span> <span class='ocrx_word' id='word_1_482' title='bbox 1785 4634 2232 4699; x_wconf 86' lang='lat' dir='ltr'>constituentes</span> <span class='ocrx_word' id='word_1_483' title='bbox 2297 4635 2361 4697; x_wconf 88' lang='lat' dir='ltr'>et</span> <span class='ocrx_word' id='word_1_484' title='bbox 2420 4634 2836 4717; x_wconf 85' lang='lat' dir='ltr'>unusquisque</span> <span class='ocrx_word' id='word_1_485' title='bbox 2907 4650 3113 4698; x_wconf 89' lang='lat' dir='ltr'>eorum</span> 
     </span>
     <span class='ocr_line' id='line_1_49' title="bbox 404 4719 3122 4800; baseline -0.001 -17"><span class='ocrx_word' id='word_1_486' title='bbox 404 4721 636 4788; x_wconf 77' lang='lat' dir='ltr'>nomine</span> <span class='ocrx_word' id='word_1_487' title='bbox 677 4742 788 4789; x_wconf 85' lang='lat' dir='ltr'>suo</span> <span class='ocrx_word' id='word_1_488' title='bbox 834 4726 900 4789; x_wconf 89' lang='lat' dir='ltr'>et</span> <span class='ocrx_word' id='word_1_489' title='bbox 944 4723 1096 4789; x_wconf 90' lang='lat' dir='ltr'>dicti</span> <span class='ocrx_word' id='word_1_490' title='bbox 1142 4723 1488 4789; x_wconf 84' lang='lat' dir='ltr'>communis</span> <span class='ocrx_word' id='word_1_491' title='bbox 1545 4726 1611 4789; x_wconf 91' lang='lat' dir='ltr'>et</span> <span class='ocrx_word' id='word_1_492' title='bbox 1665 4720 2091 4790; x_wconf 83' lang='lat' dir='ltr'>universitatis</span> <span class='ocrx_word' id='word_1_493' title='bbox 2147 4719 2374 4800; x_wconf 83' lang='lat' dir='ltr'>Jadre,</span> <span class='ocrx_word' id='word_1_494' title='bbox 2438 4721 2489 4785; x_wconf 88' lang='lat' dir='ltr'>si</span> <span class='ocrx_word' id='word_1_495' title='bbox 2537 4720 2859 4799; x_wconf 82' lang='lat' dir='ltr'>adessent,</span> <span class='ocrx_word' id='word_1_496' title='bbox 2923 4719 3122 4782; x_wconf 87' lang='lat' dir='ltr'>facere</span> 
     </span>
    </p>
   </div>
  </div>
 </body>
</html>
