3620 5282
477 312 603 379 194

473 487 579 552 sed
627 486 855 563 dicant,
905 489 1063 568 quod
1109 487 1173 551 in
1219 486 1533 552 communi
1580 489 1644 553 et
1673 486 2094 571 singularibus
2133 488 2408 570 personis
2436 506 2647 552 eorum
2687 489 2783 551 est
2829 489 3005 552 tauta
3050 504 3203 569 pau-

470 577 714 658 pertaS,
779 573 938 655 quod
985 594 1104 638 non
1164 577 1421 658 possent
1482 594 1517 639 a
1579 595 1642 640 se
1690 595 2051 658 recuperare
2116 577 2477 658 peccuniam
2527 580 2969 658 opportunam:
3039 574 3209 638 vadit

471 682 632 744 pars,
679 680 888 725 eorum
938 662 1238 727 fidelitate
1285 665 1579 746 pensata,
1643 663 1802 745 quod
1852 664 1927 728 de
1991 663 2260 727 denariis
2326 665 2522 727 nostri
2592 663 2937 727 communis
2986 664 3207 725 dentur

473 750 563 814 eis
611 750 686 814 ad
735 768 985 832 presens
1032 751 1198 815 dicta
1243 751 1318 816 de
1366 770 1554 815 causa
1598 752 1757 815 libre
1804 752 2248 833 ,quinquaginta
2296 770 2669 833 grossorum,
2720 769 2857 814 cum
2907 750 3031 814 ista
3062 769 3205 813 con-

480 838 737 917 dicione,
788 837 946 919 quod
994 858 1131 902 cum
1182 839 1853 904 offerrant·1·estituere
1887 858 2010 915 eOS,
2061 842 2387 904 teneantur
2409 839 2759 903 restituisse
2808 838 3207 919 integraliter

470 925 533 989 in
583 927 827 989 tantum
873 925 1101 990 dictam
1150 927 1508 1010 peccuniam
1551 946 1743 1009 usque
1791 928 1867 990 ad
1916 946 2105 991 annos
2151 928 2277 990 tres
2326 930 2656 1009 proximos,
2709 925 3004 990 videlicet
3041 943 3205 1006 quo-

469 1013 629 1078 libet
674 1031 832 1078 anno
879 1014 1164 1079 tercium.
1213 1016 1294 1079 Et
1335 1015 1761 1079 committatur
1806 1016 2015 1079 comiti
2065 1014 2349 1093 Arbensi,
2402 1015 2558 1097 quod
2593 1013 2783 1077 saciat
2814 1015 2979 1077 omni
3029 1031 3206 1076 occa-

475 1102 643 1166 sione
692 1103 949 1181 remota,
1002 1102 1162 1183 quod
1210 1103 1376 1166 dicta
1421 1102 1742 1167 restitucio
1791 1102 1953 1167 infra
2001 1103 2201 1185 ipsum
2239 1104 2568 1166 terminum
2607 1101 2996 1184 integraliter
3029 1101 3203 1165 nobis

471 1190 601 1254 fiat.
649 1190 730 1254 Et
775 1190 827 1252 si
875 1190 1204 1255 consilium
1253 1191 1368 1254 etc.
1420 1189 1524 1254 69.

553 1279 711 1341 δεον.
759 1298 914 1340 cons.
959 1299 1079 1354 roy.
1126 1282 1223 1340 lib.
1265 1280 1341 1338 B.
1394 1282 1495 1351 55,
1540 1299 1582 1339 u
1628 1281 1968 1341 mletadkom-
2017 1282 2248 1340 arkivu.

653 1469 1231 1552 CCLXXXII.
1306 1470 1510 1551 Gon.
1570 1469 1800 1554 1350.
1856 1470 1962 1552 24
2016 1469 2461 1569 kolovoza‚
2518 1492 2576 1551 u
2629 1469 3024 1552 Mletcih.

476 1599 790 1673 Odyovara
828 1616 890 1656 se
924 1598 1301 1670 poslanilcom
1348 1598 1594 1670 kraljice
1638 1599 1893 1671 vyarske
1937 1598 1962 1654 i
2005 1597 2244 1669 vojvode
2286 1597 2596 1670 Stjepana,
2638 1597 2716 1655 da
2750 1597 2849 1668 jin
2894 1596 3204 1669 republe'ka

473 1686 631 1747 moia
676 1687 968 1759 osiyurati
1013 1702 1055 1742 u
1104 1690 1237 1753 tom,
1284 1686 1363 1742 da
1412 1685 1638 1757 njihovi
1688 1686 1970 1757 podaniei
2013 1703 2096 1743 ua
2139 1702 2309 1744 meru
2353 1686 2428 1743 od
2464 1690 2669 1743 strnue
2713 1684 2975 1757 njezinih
3013 1685 3203 1756 poda-

470 1776 618 1834 ni-ka
661 1774 799 1832 nede
847 1774 913 1831 ηπ·
969 1774 1274 1844 najmanjc
1322 1773 1693 1846 povricdy‘eni
1739 1774 1879 1841 biti,
1941 1791 1978 1830 α
2023 1790 2097 1832 za
2143 1773 2325 1847 druye
2371 1774 2450 1830 da
2496 1791 2610 1831 oua
2660 1773 2899 1844 jnnzciti
2940 1771 3203 1839 nemoz‘oe

461 1862 630 1936 ylede
664 1862 840 1934 paleo
885 1861 1228 1934 λοπαόηορα
1272 1862 1446 1937 mira,
1493 1861 1574 1918 da
1606 1862 1702 1933 joj
1746 1878 1947 1919 vcoma
1992 1861 2192 1934 ἀναρο,
2225 1862 2314 1918 sto
2346 1878 2460 1919 ona
2506 1878 2537 1919 o
2583 1861 2739 1934 m'em
2785 1861 3023 1932 nemost,
3071 1859 3203 1917 ’ἴᾱα

1141 1950 1201 2007 c'e
1235 1949 1334 2021 ιφ’«ιΞῙι
1379 1948 1519 2007 ηαόὶ
1562 1949 1736 2007 uviek
1781 1966 2051 2022 spremue
2095 1966 2179 2006 na
2220 1949 2515 2022 doyovore.

680 2067 873 2132 1350.
917 2069 1017 2133 die
1065 2068 1279 2133 XXIV
1309 2068 1578 2151 augusti,
1627 2070 1846 2151 capta:
1896 2068 2054 2150 quod
2080 2068 2463 2132 ambaxatori
2504 2068 2745 2132 domiue
2791 2066 3000 2150 regine
3025 2066 3203 2130 Hun-

470 2156 644 2242 garie
692 2157 757 2221 et
801 2155 976 2220 ducis
1026 2156 1324 2238 Stephani
1376 2156 1838 2238 rcspondeatur,
1889 2156 2049 2238 quod
2098 2155 2446 2239 optavimus
2495 2158 2558 2221 et
2599 2157 2884 2238 optamus
2918 2175 2989 2219 ex
3020 2157 3197 2237 parte

469 2247 685 2311 nostra
732 2245 1025 2325 treuguas
1067 2243 1513 2308 inviolabiliter
1554 2244 1900 2319 observare,
1949 2247 2013 2307 et
2060 2263 2167 2325 pro
2218 2244 2527 2308 effectuali
2560 2243 2985 2308 observatione
3035 2244 3200 2325 ipsa-

467 2353 607 2397 rum
651 2331 935 2407 districte
977 2331 1402 2395 mandavimus
1450 2332 1678 2396 nostris
1726 2331 2013 2396 fidelibus
2063 2334 2122 2395 et
2170 2332 2499 2408 subiectiS,
2549 2333 2620 2395 ut
2665 2334 2880 2414 gentes
2929 2331 2992 2395 et
3053 2330 3199 2393 sub-

467 2420 637 2485 ditos
688 2418 918 2483 domini
956 2418 1121 2501 regis
1170 2419 1489 2502 Hungarie
1537 2423 1773 2497 eunteS,
1825 2420 2062 2483 stantes
2105 2421 2169 2482 et
2214 2419 2539 2483 redeuntes
2587 2421 2860 2482 tractent
2904 2418 3201 2483 amicabi-

464 2509 612 2572 liter
653 2509 717 2571 et
765 2507 1084 2585 honorent,
1134 2510 1197 2571 et
1242 2506 1331 2571 sic
1377 2509 1691 2572 servatum
1740 2510 1837 2571 est
1882 2526 1992 2589 per
2039 2526 2162 2583 eOS,
2211 2508 2372 2570 sicut
2411 2507 2541 2569 eius
2589 2506 2949 2569 excellentia
2996 2506 3200 2588 potest

464 2614 673 2663 nosce.
725 2592 789 2659 Si
838 2612 980 2659 vero
1030 2594 1091 2659 in
1142 2595 1298 2659 mari
1345 2595 1589 2677 publico
1635 2597 1852 2679 gentes
1901 2594 2050 2659 dicti
2098 2594 2330 2658 domini
2380 2593 2542 2676 regis
2607 2593 2830 2658 damna
2890 2593 2989 2658 vel
3035 2592 3196 2657 iniu-

465 2686 589 2749 rias
637 2684 715 2747 ab
765 2682 970 2765 aliquo
1020 2685 1399 2766 receperunt,
1449 2682 1564 2747 hoc
1609 2683 1786 2748 nobis
1851 2683 2115 2747 occurrit
2176 2682 2507 2746 molestum
2537 2730 2553 2759 ,
2604 2682 2707 2763 qui
2756 2682 3077 2763 optamus,
3129 2682 3200 2745 ut

462 2773 835 2856 navigantes
882 2771 1145 2853 quilibet
1204 2769 1535 2835 securitate
1591 2771 1907 2846 fruantur;
1972 2772 2075 2834 sed
2140 2789 2258 2834 non
2320 2771 2523 2851 potest
2582 2769 2679 2833 vel
2743 2769 2926 2833 debet
2987 2788 3058 2833 ex
3127 2787 3195 2832 eo

465 2861 649 2927 nobis
698 2859 933 2943 aliquid
981 2859 1277 2941 imputari
1324 2877 1434 2943 pro
1483 2878 1552 2923 eo
1598 2860 1758 2940 quod
1825 2860 1885 2922 in
1933 2858 2149 2922 alienis
2196 2857 2553 2935 discordiis,
2618 2856 3007 2940 exigentibus
3055 2875 3196 2920 con-

468 2949 815 3013 dicionibus
863 2947 1126 3022 nostriS,
1176 2966 1488 3030 nunquam
1555 2947 1671 3011 nisi
1734 2948 1794 3010 in
1859 2946 2253 3028 pacificandis
2321 2947 2445 3021 eiS,
2493 2964 2636 3009 cum
2680 2964 3041 3027 possumne,
3091 2962 3196 3007 nos

464 3037 826 3118 aliqualiter
872 3036 1266 3117 ymiscemus,
1318 3053 1428 3099 nec
1475 3054 1545 3098 ex
1595 3034 1789 3100 forma
1851 3037 2253 3117 treuguaruln
2322 3034 2398 3097 ad
2448 3033 2507 3097 id
2556 3032 2898 3098 ullaetenus
2961 3031 3196 3114 obliga-

463 3142 622 3202 mur,
675 3141 784 3188 nec
835 3123 1142 3186 voluimus
1191 3121 1543 3204 aliqualiter
1590 3122 1872 3205 obligari,
1921 3121 2071 3185 dum
2117 3122 2181 3185 in
2220 3121 2597 3186 confectione
2645 3123 3044 3204 treuguarum
3104 3120 3197 3201 ip-

461 3227 673 3274 sarum
718 3229 826 3292 per
863 3209 1294 3274 ambaxatores
1342 3228 1482 3274 suos
1531 3229 1599 3275 ex
1648 3211 1787 3275 inde
1834 3209 2166 3274 fuissemus
2231 3210 2580 3292 specialiter
2641 3209 2958 3291 requisiti,
3024 3205 3194 3270 velut

463 3315 547 3374 re,
599 3316 716 3380 que
764 3298 922 3378 apud
974 3317 1080 3363 nos
1128 3297 1424 3380 predictis
1486 3299 1869 3380 respectibus
1932 3296 2207 3361 difficilis
2270 3299 2335 3362 et
2393 3295 2796 3378 impossibilis
2858 3294 3186 3359 extitisset.

463 3385 564 3448 Ad
612 3386 945 3449 secundum
994 3385 1335 3467 capitulum
1384 3385 1459 3449 de
1507 3404 1653 3467 pace
1701 3384 2027 3450 tractanda
2073 3385 2190 3449 etc.
2228 3384 2681 3468 respondeatur,
2732 3382 2887 3465 quod
2923 3382 3047 3446 fuit
3079 3399 3189 3444 no-

461 3472 558 3535 bis
609 3474 673 3536 et
719 3475 812 3536 est
862 3472 1234 3536 desiderium
1303 3474 1569 3554 speciale
1640 3491 1779 3536 cum
1850 3473 1982 3555 ipso
2044 3472 2294 3536 domino
2356 3491 2498 3556 rege
2563 3472 2808 3536 firmam
2855 3487 3067 3552 pacem
3126 3473 3190 3533 et

462 3579 672 3625 veram
721 3559 1118 3624 dilectionem
1167 3560 1429 3638 habere,
1480 3564 1543 3625 et
1588 3580 1659 3625 ex
1703 3562 1881 3643 parte
1942 3561 2152 3625 nostra
2215 3562 2360 3624 data
2422 3561 2518 3624 est
2575 3559 2891 3641 hucusque
2941 3559 3005 3623 et
3051 3557 3183 3621 dari

463 3648 808 3713 intenditur
847 3665 1028 3729 opera
1073 3648 1284 3712 efficax
1329 3647 1491 3713 circa
1536 3648 1670 3726 hoc,
1721 3650 1784 3712 et
1832 3650 1997 3712 sicut
2046 3650 2261 3712 notum
2312 3651 2429 3727 est,
2473 3646 2705 3730 pluries
2752 3646 3036 3711 misimus
3083 3663 3188 3710 no-

460 3737 626 3801 stros
675 3736 980 3808 solemnes
1024 3737 1451 3800 ambaxatores
1496 3736 1618 3800 ista
1664 3735 1739 3799 de
1785 3754 1986 3811 causa,
2037 3735 2310 3800 volentes
2358 3755 2496 3800 cum
2544 3736 2710 3799 dicto
2757 3734 3006 3798 domino
3047 3752 3189 3815 rege

461 3822 671 3889 vivere
719 3824 782 3886 in
832 3824 1068 3888 sincera
1106 3823 1521 3888 benivolentia
1568 3823 1632 3887 et
1678 3842 1908 3898 amore,
1958 3823 2119 3887 sicut
2182 3823 2439 3887 fecimus
2497 3843 2637 3888 cum
2700 3822 3191 3906 progenitoribus

460 3913 615 3976 suis,
668 3912 750 3974 Et
795 3913 1117 3993 propterea
1164 3912 1367 3993 placet
1412 3910 1585 3975 nobis
1632 3912 1696 3974 et
1742 3910 2175 3993 multipliciter
2236 3913 2486 3993 gratum
2535 3912 2736 3989 extat,
2803 3911 2959 3992 quod
3022 3909 3189 3973 dicta

458 3999 683 4083 regina
733 4001 931 4063 mater
979 4017 1089 4063 sua
1135 3999 1487 4080 interponat
1533 4018 1598 4062 se
1646 4000 1709 4062 et
1757 3999 2002 4062 laborat
2048 4017 2158 4080 pro
2206 3999 2369 4062 dicta
2437 4016 2582 4080 pace
2645 3997 3026 4080 complenda.
3099 3997 3191 4060 De

459 4088 644 4152 modo
694 4105 835 4151 vero
882 4088 946 4150 et
993 4087 1090 4150 via
1139 4087 1403 4151 tenenda
1450 4084 1615 4150 circa
1660 4087 1771 4150 hoc
1799 4085 2202 4168 relinquimus
2240 4087 2552 4150 maiestati
2584 4106 2712 4164 sue,
2759 4086 2823 4148 in
2871 4105 2991 4168 qua
3024 4084 3194 4167 viget

454 4191 699 4238 summa
746 4173 1090 4256 prudentia,
1141 4194 1258 4256 que
1305 4173 1531 4239 melius
1578 4192 1942 4256 cognoscere
1991 4173 2221 4257 poterit
2265 4173 2343 4238 ad
2391 4173 2734 4257 agendum;
2782 4192 2925 4237 nam
2975 4173 3036 4236 in
3083 4190 3190 4235 no-

452 4258 551 4323 bis
599 4278 842 4343 semper
885 4261 1153 4326 inveniet
1199 4280 1442 4325 omnem
1495 4262 1719 4327 bonam
1766 4261 2230 4344 dispositionem
2281 4262 2358 4325 ad
2417 4280 2523 4339 ea,
2579 4279 2697 4343 que
2744 4260 2972 4326 bonum
3022 4261 3187 4343 pacis

449 4347 517 4499 gt
553 4348 1077 4414 conservationem
1125 4368 1195 4415 ac
1240 4351 1645 4433 augmentum
1692 4350 1922 4414 amoris
1974 4348 2118 4415 hinc
2164 4350 2305 4439 inde
2370 4349 2674 4433 respicere
2721 4349 3185 4433 dignoscuntur.

504 4452 698 4498 mnes.
2049 4453 2052 4454 ⁷

535 4523 693 4586 δεον.
735 4541 890 4586 cons.
935 4532 1121 4601 royat.
1161 4528 1239 4585 B.
1289 4529 1388 4599 57,
1435 4546 1478 4588 u
1518 4529 1734 4588 arkivu
1775 4528 2135 4589 mletaekom.
