3620 5282
2942 353 3072 420 273

604 523 1019 606 CCCXCI.
1075 523 1282 606 θοὰ.
1335 524 1566 607 1389.
1620 523 1723 606 23
1774 521 2270 622 studenoga,
2323 544 2383 604 u
2436 514 2827 602 Mletcih.

341 706 446 765 Na
510 704 774 779 predloq,
843 704 925 763 da
988 720 1051 763 se
1118 703 1370 777 odpravi
1433 703 1715 777 poslanilo
1782 719 1825 761 u
1867 701 2216 775 Dalmacffu
2254 706 2406 773 zato,
2452 704 2533 763 da
2576 722 2639 766 se
2684 707 2787 767 oni
2824 707 3078 782 qradovi

767 809 966 877 medin
1010 810 1205 868 sobom
1238 810 1489 883 pomirc,
1532 808 1831 877 adlaberto,
1880 807 1963 866 da
2001 823 2064 867 se
2105 824 2182 868 za
2220 809 2379 868 sada
2411 810 2654 882 poceka.

564 962 757 1028 1389.
801 963 900 1028 die
934 962 1150 1027 XXIII
1187 961 1557 1028 novembris.
1608 962 1719 1028 Ser
1763 961 2036 1027 Michael
2069 953 2431 1042 Contareno',
2467 984 2566 1029 ser
2598 965 2851 1033 Gabriel
2878 967 3081 1050 Aymo

346 1050 542 1123 miles,
594 1051 956 1115 consiliarii.
1007 1049 1164 1115 Cum
1210 1051 1367 1114 alias
1422 1049 1586 1113 1388
1635 1048 1868 1112 mensis
1936 1049 2188 1130 augusti
2258 1053 2509 1133 captum
2556 1054 2621 1117 et
2667 1053 3082 1120 deliberatum

341 1137 533 1203 fuerit
582 1139 645 1202 in
695 1138 814 1202 hoc
861 1137 1115 1202 consilio
1162 1138 1226 1201 in
1272 1138 1544 1201 maxima
1592 1137 1849 1212 unitate,
1901 1136 2061 1217 quod
2112 1155 2268 1201 unus
2316 1139 2517 1202 fidelis
2564 1143 2763 1205 nostri
2797 1141 3080 1221 dominii,

342 1225 450 1308 qui
499 1241 572 1289 ex
638 1226 816 1307 parte
880 1225 1064 1289 unius
1127 1225 1313 1288 amici
1360 1224 1576 1306 tetigit
1621 1227 1685 1287 et
1746 1224 1944 1288 movit
1986 1223 2161 1287 nobis
2212 1225 2396 1289 verba
2444 1226 2517 1289 de
2563 1227 2728 1292 facto
2777 1228 2971 1294 Jadre
3018 1231 3085 1294 et

340 1311 608 1376 aliorum
658 1313 929 1377 locorum
972 1311 1307 1389 Dalmatio,
1378 1312 1633 1376 deberet
1688 1310 2059 1392 respondere
2105 1309 2201 1374 illi
2245 1311 2445 1376 amico
2492 1332 2562 1376 ex
2629 1317 2806 1396 parte
2870 1316 3080 1381 nostre

342 1398 782 1464 dominationis
828 1418 968 1464 cum
1009 1398 1363 1463 efficacibus
1411 1402 1475 1463 et
1521 1398 1698 1462 bonis
1769 1399 1991 1475 verbm,
2062 1401 2126 1461 et
2195 1396 2398 1463 dando
2461 1399 2581 1463 sibi
2629 1403 2854 1466 bonam
2903 1421 3080 1484 spem

340 1504 416 1550 ac
464 1486 767 1552 laudando
818 1486 1068 1551 modum
1117 1485 1508 1550 recordatum
1558 1504 1666 1566 per
1711 1484 2004 1563 amicum,
2041 1485 2203 1549 etin
2231 1487 2622 1551 conclusione
2658 1490 3079 1572 responsionis

342 1573 505 1639 facte
553 1593 661 1657 per
708 1593 817 1638 nos
866 1573 961 1637 illi
1011 1574 1209 1637 amico
1257 1574 1367 1637 fiat
1412 1573 1664 1647 mentio,
1713 1573 1875 1654 quod
1944 1573 2073 1653 ipse
2131 1573 2366 1637 amicus
2436 1575 2763 1657 tamquam
2834 1577 3082 1657 sapiens

344 1663 550 1743 potest
596 1660 804 1726 videre
851 1663 917 1725 et
971 1660 1315 1725 examinare
1361 1660 1529 1724 istud
1577 1658 1831 1735 factum,
1881 1660 1946 1722 et
1981 1658 2312 1724 informare
2360 1679 2467 1725 nos
2516 1662 2589 1725 de
2635 1661 2753 1738 hie,
2805 1682 2923 1744 que
2970 1661 3086 1727 ha-

343 1748 521 1813 bebit
565 1751 629 1813 et
673 1747 749 1812 de
792 1746 1103 1827 omnibuS‚
1153 1766 1272 1831 que
1318 1747 1657 1822 occurrent,
1728 1747 1794 1809 et
1839 1749 1986 1809 tunc
2053 1765 2160 1810 nos
2208 1747 2494 1812 dabimus
2558 1749 2616 1813 ei
2664 1751 2940 1814 nostram
2988 1768 3089 1813 re-

344 1837 738 1919 sponsionem
787 1837 1120 1900 secundum
1177 1833 1335 1917 quod
1381 1834 1705 1899 convenire
1752 1832 2100 1897 videbimus
2128 1835 2191 1897 et
2222 1835 2361 1913 cet.‚
2405 1835 2570 1899 sicut
2603 1836 2665 1899 in
2697 1835 2867 1902 dicta
2903 1838 3082 1918 parte

345 1922 630 1987 ordinate
675 1926 949 1988 cavetur.
1000 1922 1083 1986 Et
1130 1924 1307 1986 modo
1354 1922 1429 1986 de
1481 1938 1633 1986 novo
1683 1939 1787 2001 per
1834 1938 2050 1984 omnes
2110 1922 2349 1984 nostros
2417 1924 2649 1986 amicos
2696 1922 2874 1988 nobis
2922 1924 3089 1987 noti-

342 2009 526 2075 ficata
575 2009 808 2074 fuerint
841 2010 1030 2075 verba
1076 2009 1286 2090 aliqua
1333 2010 1464 2073 tam
1518 2025 1701 2090 super
1754 2007 1940 2071 sactis
1987 2006 2177 2071 Jadre
2223 2026 2411 2089 quam
2483 2010 2751 2073 aliorum
2798 2011 3087 2075 locorum

341 2096 684 2174 Dalmatis,
734 2102 799 2162 et
842 2095 1106 2161 laudant
1152 2099 1216 2161 et
1261 2097 1544 2161 ortantur
1572 2094 1779 2171 amici,
1816 2092 1978 2176 quod
2013 2112 2123 2158 nos
2156 2096 2410 2160 mittere
2442 2095 2778 2161 debeamus
2810 2098 3092 2162 nostram

342 2186 743 2250 ambaxatam
813 2186 891 2248 ad
959 2184 1475 2248 communitatem
1549 2181 1743 2247 Jadre
1815 2181 1999 2246 etad
2044 2182 2168 2246 alia
2213 2183 2570 2248 communia
2641 2184 2962 2249 Dalmatie
3009 2185 3089 2249 ad

345 2271 723 2337 offerendum
770 2290 879 2336 nos
928 2269 1003 2334 de
1049 2271 1513 2352 interpositione
1559 2268 2072 2346 differentiarum,
2151 2287 2303 2351 quas
2350 2269 2585 2334 habent
2646 2271 2810 2335 inter
2857 2289 2947 2348 se,
2999 2271 3088 2336 ita

346 2359 508 2440 quod
576 2359 833 2439 possint¹
878 2358 1082 2422 vivere
1150 2359 1311 2421 inter
1369 2376 1433 2422 se
1504 2356 1754 2440 pacifice
1827 2357 1891 2419 et
1958 2354 2164 2438 quiete
2213 2360 2276 2420 et
2319 2355 2384 2419 in
2430 2358 2591 2422 bono
2641 2361 2703 2422 et
2750 2357 3096 2440 tranquillo

345 2445 532 2521 statu,
583 2446 646 2510 et
691 2445 906 2509 laudat
943 2444 1183 2510 amicus
1229 2445 1389 2508 hanc
1438 2443 1786 2526 opinionem
1826 2460 1936 2525 pro
1982 2441 2337 2524 accipiendo
2385 2445 2667 2509 animum
2723 2445 3097 2527 populorum

345 2532 680 2614 propitium
728 2535 791 2595 et
829 2531 1182 2613 benignum,
1233 2533 1296 2596 et
1344 2549 1454 2613 pro
1500 2532 1728 2596 honore
1776 2528 1973 2594 nostri
2021 2528 2297 2605 dominii,
2346 2530 2500 2594 bono
2547 2532 2929 2612 agendorum
2983 2550 3093 2596 no-

345 2620 617 2684 strorum
668 2620 732 2684 et
793 2618 1257 2684 conservatione
1318 2619 1515 2683 nostri
1583 2619 1789 2684 status
1863 2616 2055 2683 faciat
2099 2616 2421 2699 providere
2469 2637 2656 2701 super
2714 2620 2862 2695 hoc3
2914 2618 3092 2685 vadit

346 2724 509 2787 pars,
563 2706 725 2789 quod
771 2705 1063 2770 mittatur
1113 2725 1273 2770 unus
1323 2709 1532 2771 noster
1578 2705 1835 2770 nuntius
1882 2704 2216 2783 sufficione,
2248 2705 2414 2769 sicut
2446 2706 2759 2771 videbitur
2799 2706 3091 2789 collegi0‚

350 2811 494 2859 cum
566 2794 767 2858 literis
836 2793 1065 2857 nostris
1139 2793 1531 2857 credulitatis
1576 2792 1654 2857 ad
1705 2792 2217 2857 communitatem
2285 2790 2496 2869 sadra,
2562 2792 2851 2875 Tragurii
2900 2796 2964 2857 et
3016 2792 3096 2859 ad

351 2881 478 2946 alia
525 2881 679 2958 loca,
724 2899 840 2964 que
890 2880 1263 2944 videbuntur
1310 2880 1589 2961 collegi0‚
1637 2879 1864 2962 quibus
1912 2878 2078 2943 facta
2123 2879 2496 2944 salutatione
2538 2898 2608 2944 ac
2641 2880 2952 2945 oblatione
2986 2898 3098 2963 ge-

342 2968 551 3033 ·nerali
599 2987 742 3033 cum
793 2966 999 3031 verbis
1046 2968 1274 3031 amoris
1325 2970 1387 3031 et
1434 2965 1784 3031 dilectionis
1832 2984 2130 3046 exponere
2176 2967 2397 3031 debeat
2441 2966 2563 3031 ista
2612 2965 2856 3032 modica
2900 2968 3092 3033 verba

353 3056 418 3120 in
468 3073 579 3119 suo
627 3054 905 3132 consilio,
957 3054 1018 3117 in
1065 3072 1185 3136 quo
1232 3055 1359 3119 sint
1402 3072 1587 3136 quam
1659 3052 1862 3134 plures
1928 3054 1992 3116 et
2038 3054 2103 3117 in
2149 3070 2339 3135 quam
2406 3053 2625 3118 maiori
2670 3054 3101 3137 quantitatem

359 3143 587 3225 poterit
630 3141 831 3206 facere
875 3141 1259 3223 congregari,
1307 3141 1469 3223 quod
1515 3139 1833 3205 intellecto
1867 3158 1978 3221 per
2024 3158 2133 3204 nos
2179 3138 2255 3203 de
2297 3141 2483 3205 certis
2516 3140 2906 3219 differentiis,
2943 3159 3099 3223 quas

354 3229 590 3294 habent
635 3228 713 3292 ad
758 3228 1045 3303 invicem,
1093 3230 1419 3310 tamquam
1464 3228 1605 3293 boni
1657 3227 1841 3292 vicini
1887 3229 1950 3290 et
1994 3226 2182 3290 amici
2247 3226 2598 3307 recepimus
2649 3228 2714 3292 et
2759 3228 3097 3310 recipimus

354 3315 820 3398 displicentiam
867 3317 931 3380 in
964 3315 1248 3380 cordibus
1281 3314 1531 3394 nostris,
1558 3316 1703 3399 quia
1728 3313 2219 3379 desideravimus
2251 3316 2314 3377 et
2345 3313 2765 3379 desideramus
2796 3317 3099 3381 honorem

356 3409 421 3468 et
469 3405 695 3469 bonum
744 3403 1211 3468 statum'suum
1254 3403 1425 3467 velut
1466 3407 1745 3467 nostrum
1794 3401 2136 3483 proprium.
2195 3401 2276 3464 Et
2326 3400 2596 3466 volentes
2643 3420 2754 3484 ρει·
2800 3401 3098 3468 effectum

359 3492 781 3556 demonstrare
829 3489 1135 3553 sinceram
1205 3491 1268 3553 et
1322 3490 1621 3571 optimam
1680 3487 2154 3570 dispositionem
2225 3488 2421 3553 nostri
2472 3488 2728 3553 dominii
2779 3508 2926 3574 erga
2972 3509 3100 3569 eos,

361 3578 676 3643 offerimus
725 3594 833 3641 nos
875 3579 1142 3658 paratOS‚
1192 3575 1487 3658 placendo
1530 3578 1637 3653 eie,
1684 3576 1760 3640 de
1807 3575 2092 3657 eligendo
2158 3576 2221 3638 et
2266 3574 2570 3641 mittendo
2635 3578 2914 3641 nostram
2960 3594 3107 3642 am-

363 3666 661 3731 baxatam
708 3682 814 3746 pro
863 3664 1291 3728 concordando
1327 3682 1431 3728 eos
1478 3663 1541 3727 in
1587 3663 1775 3727 simul
1806 3664 1871 3728 et
1898 3680 2008 3745 pro
2042 3662 2409 3726 removendo
2441 3680 2655 3728 omnes
2689 3663 3104 3742 differentiaS,

367 3752 657 3818 scandala
702 3753 767 3816 et
812 3769 1046 3816 errores
1091 3751 1252 3814 inter
1315 3770 1416 3815 eos
1485 3751 1790 3833 sequendo
1861 3748 2126 3833 vestigia
2196 3751 2665 3833 progenitorum
2727 3752 3108 3828 nostrorum,

368 3840 456 3904 ita
500 3839 660 3921 quod
708 3838 921 3904 vivant
987 3837 1150 3901 inter
1218 3856 1284 3901 se
1345 3839 1407 3902 in
1475 3839 1728 3920 pacifico
1777 3839 1842 3901 et
1886 3837 2042 3902 bono
2109 3839 2282 3902 statu
2328 3837 2670 3903 secundum
2718 3836 3109 3902 desiderium

371 3946 550 3991 suum
593 3930 655 3991 et
700 3928 1017 4001 nostrum3
1067 3926 1131 3989 et
1178 3941 1323 3988 cum
1370 3943 1456 4003 eo,
1506 3923 1666 4007 quod
1714 3930 1924 3990 noster
1971 3924 2222 3988 nuntius
2269 3924 2561 3988 habuerit
2607 3925 2672 3988 et
2718 3922 2959 4001 fecerit,
3007 3942 3110 3988 re-

373 4014 515 4078 deat
559 4014 637 4076 ad
685 4015 963 4077 nostram
1011 4013 1382 4094 presentiam
1452 4013 1527 4076 de
1599 4014 1885 4077 omnibus
1955 4011 2316 4092 plenissime
2375 4011 2768 4087 informatu8‚
2826 4015 2890 4076 et
2960 4013 3114 4075 tunc

375 4100 608 4165 erimus
662 4099 741 4163 ad
813 4099 978 4163 istud
1047 4098 1396 4177 concilium,
1468 4103 1533 4165 et
1600 4099 1724 4179 fiet,
1791 4100 1955 4164 sicut
2002 4097 2312 4162 videbitur
2357 4098 2573 4162 utilius
2621 4098 2686 4162 et
2731 4096 2955 4161 melius
3003 4114 3114 4179 pro

381 4185 568 4251 factis
614 4187 861 4251 nostris.
910 4188 1006 4251 De
1056 4188 1231 4268 parte
1279 4184 1386 4248 36.

593 4289 704 4355 Ser
763 4289 1042 4355 Andreas
1104 4291 1367 4361 Donato,
1435 4309 1534 4354 ser
1593 4289 1817 4354 Petrus
1882 4290 2093 4355 Pisani
2156 4287 2557 4363 consiliiarii3
2604 4287 2717 4353 Ser
2764 4286 3114 4352 Ludovicus

384 4374 654 4455 Faletro‚
703 4396 801 4442 ser
846 4377 1141 4443 Nicolaus
1190 4376 1519 4459 Delphino‚
1569 4395 1667 4441 ser
1712 4377 2090 4442 Michaletus
2140 4377 2487 4452 Trivisano‚
2523 4375 2731 4456 capita
2765 4376 2839 4438 de
2875 4373 3007 4450 XL,
3045 4393 3117 4439 sa

254 4456 265 4469 ²
384 4465 623 4547 pientes
673 4464 934 4529 consilii.
984 4462 1212 4547 Capta:
1258 4463 1404 4546 quia
1450 4465 1574 4529 ista
1619 4465 1868 4544 negotia
1914 4466 2061 4527 sunt
2106 4480 2335 4545 magna
2380 4464 2444 4526 et
2487 4462 2696 4531 ardua.
2747 4463 2812 4525 et
2843 4463 3115 4544 tangunt

387 4552 784 4616 vehementer
830 4553 1066 4616 statum
1111 4553 1430 4627 nostrum3
1482 4551 1651 4617 vadit
1694 4569 1859 4633 pars,
1904 4549 2063 4632 quod
2112 4567 2220 4630 pro
2270 4548 2596 4612 manifesto
2645 4548 2802 4614 bono
2847 4549 2911 4611 et
2944 4547 3119 4612 utili-

388 4640 518 4703 tate
565 4638 942 4720 agendorum
990 4640 1342 4702 nostrorum
1412 4639 1881 4720 supersedeatur
1950 4638 2015 4700 in
2081 4635 2180 4699 his
2251 4634 2437 4700 factis
2506 4653 2701 4717 usque
2759 4653 2869 4716 per
2916 4636 3117 4698 totum

392 4743 671 4790 mensem
718 4724 1066 4792 decembris
1110 4724 1385 4807 proxime
1439 4729 1805 4800 venturum;
1870 4726 1935 4788 et
1994 4722 2048 4787 si
2111 4726 2257 4786 ante
2329 4719 2578 4786 venient
2622 4738 2800 4799 nova,
2849 4739 2958 4803 per
3002 4737 3120 4802 que

485 4842 666 4895 spon.
710 4844 795 4895 ιν.
2812 4824 2895 4893 18
