3620 5282
2965 280 3113 349 ‚471

406 461 536 544 ipso
581 459 828 535 domino
868 480 1018 548 ‚rege
1065 480 1171 543 per
1216 460 1356 528 illos
1403 462 1632 542 modos,
1682 464 1788 549 qui
1834 462 2000 531 dicto
2046 462 2310 549 collegio
2372 463 2761 543 videbuntur,
2824 461 3112 530 faciendo

410 570 480 617 ex
525 548 641 615 hoc
686 548 797 614 illa
843 549 1257 616 instrumenta
1303 552 1367 616 et
1413 550 1569 616 alias
1609 552 1907 629 cautelas,
1957 572 2075 637 que
2119 552 2358 620 fuerint
2403 554 2730 637 oportuna.

622 638 715 704 De
758 641 933 721 parte
981 637 1085 717 73,
1140 657 1259 704 non
1304 638 1410 719 26,
1458 657 1578 705 non
1614 641 1848 710 sinceri
1891 642 1997 708 28.

493 745 733 808 Secreta
781 743 951 811 C'ons.
998 747 1145 824 Roy.
1191 748 1246 809 1.
1299 746 1403 820 71,
1449 766 1491 809 u
1534 749 1690 810 mm.
1739 751 1973 812 arkivu.
2057 818 2064 823 ,

687 955 1110 1047 DCXXX.
1165 955 1372 1040 (iod.
1412 950 1658 1042 1402.
1710 957 1815 1042 10
1867 958 2311 1055 kolovoza‚
2366 981 2427 1041 u
2480 957 2862 1045 Mletclh.

409 1104 568 1178 DaJ‘e
613 1119 675 1163 sc
718 1103 873 1163 vlast
919 1103 1179 1165 malomu
1221 1103 1407 1182 vicen,
1452 1104 1607 1165 nelca
1650 1123 1693 1164 u
1740 1104 2057 1179 doyovorih
2098 1120 2130 1163 s
2149 1105 2543 1178 napuzjskimi
2563 1105 2863 1179 poszanici
2884 1105 3109 1179 pm’voh’

1169 1209 1253 1251 na
1300 1192 1503 1253 trosak
1547 1193 1623 1252 od
1666 1195 1907 1271 30,000
1939 1193 2056 1293 for,
2101 1209 2177 1252 aa
2219 1192 2358 1264 Krf.

626 1312 811 1376 1402.
858 1312 955 1376 die
998 1313 1076 1377 X.
1125 1314 1395 1397 augusti.
1445 1311 1556 1378 Ser
1600 1314 1824 1378 Petrus
1872 1311 2186 1379 Gornariof
2206 1315 2588 1397 procurator,
2636 1333 2734 1379 ser
2763 1314 3112 1380 Ludovicus

416 1402 771 1468 Lauredano
820 1404 1195 1483 procurator,
1245 1421 1344 1465 ser
1389 1401 1738 1467 Ludovicus
1786 1402 2174 1483 MaurocenO,
2221 1420 2318 1466 ser
2385 1401 2699 1468 ‚Iohannes
2762 1401 3104 1486 Mocenigo,

423 1508 522 1554 ser
569 1489 897 1555 Zacharias
932 1489 1266 1556 ‘Trivisano
1312 1489 1512 1554 miles.
1561 1488 1796 1573 Capta:
1843 1507 1985 1561 cum
2031 1492 2402 1555 tractatores
2445 1490 2730 1572 deputati
2774 1490 2920 1554 istis
2964 1509 3101 1556 ora-

420 1576 660 1642 toribus
707 1577 940 1643 domini
983 1579 1150 1662 regis
1195 1576 1510 1644 Ladislavi
1571 1577 1907 1642 secundum
1975 1579 2472 1644 commissionem
2547 1577 2666 1643 sibi
2725 1575 2956 1642 factam
3004 1598 3114 1661 per

422 1665 764 1731 dominium
813 1665 1043 1731 fuerint
1090 1684 1230 1731 cum
1277 1666 1386 1744 eis,
1435 1669 1498 1730 et
1542 1667 1621 1731 ad
1665 1669 1908 1749 partem
1974 1666 2051 1739 ad
2115 1669 2359 1750 partem
2434 1665 2978 1731 condescenderint
3034 1668 3113 1731 ad

423 1771 734 1818 summam
781 1754 1148 1818 ducatorum
1194 1755 1316 1819 XX
1390 1753 1589 1819 millia
1656 1754 2003 1820 dandorum
2070 1754 2233 1819 dicto
2301 1754 2546 1820 domino
2592 1754 2725 1838 regi
2768 1771 2877 1836 pro
2921 1753 3126 1818 insula

427 1840 727 1925 Gorphoy,
773 1841 850 1906 ad
898 1860 1085 1926 quam
1122 1844 1251 1908 sive
1297 1841 1373 1906 de
1419 1861 1541 1926 qua
1585 1842 1755 1907 nullo
1800 1844 1983 1907 modo
2013 1842 2342 1908 voluerunt
2371 1861 2507 1909 esse
2540 1841 2834 1921 contenti,
2868 1840 3123 1907 dicendo

420 1932 486 1993 et
535 1929 914 2005 affirmando,
962 1929 1125 2013 quod
1173 1929 1345 1995 nullo
1394 1930 1571 1997 modo
1618 1937 1875 2014 possunt
1918 1930 2399 1997 condescendere
2454 1930 2533 1995 ad
2600 1930 2901 1995 minorem
2961 1948 3134 1994 sum-

421 2036 598 2083 mam
645 2036 832 2101 quam
870 2018 1050 2084 XXX
1097 2018 1301 2084 millia
1345 2019 1745 2096 ducatorum;
1791 2022 1857 2085 et
1900 2018 2071 2084 nullo
2117 2022 2295 2085 modo
2340 2018 2535 2085 faciat
2564 2034 2675 2100 pro
2707 2019 2876 2083 statu
2922 2026 3129 2106 nostro

422 2107 775 2189 relinquere
820 2107 989 2172 istud
1035 2106 1271 2173 factum
1319 2106 1775 2191 imperfectum,
1847 2108 1913 2172 et
1984 2108 2368 2191 permittere,
2439 2108 2600 2191 quod
2663 2107 2954 2172 recedant
2998 2105 3132 2172 sine

420 2193 782 2276 concordi03
826 2194 1001 2260 vadit
1039 2214 1203 2279 para,
1253 2195 1412 2278 quod
1465 2195 1794 2279 collegium
1841 2195 2096 2274 domini,
2174 2195 2685 2273 consiliariorum,
2749 2193 3027 2277 capitum
3063 2195 3133 2259 et

419 2284 770 2365 sapientum
818 2284 1059 2363 consilii
1107 2287 1172 2349 et
1217 2284 1499 2349 ordinum
1548 2284 1776 2349 habeat
1842 2283 2197 2351 libertatem
2269 2283 2787 2350 condescendendi
2849 2300 2990 2351 cum
3035 2281 3125 2348 eis

421 2389 620 2454 nsque
669 2371 746 2435 ad
793 2370 1025 2437 dictam
1071 2389 1384 2437 summam
1431 2370 1629 2437 XXX
1659 2372 1864 2437 millia
1906 2374 2266 2438 ducatorum
2308 2373 2373 2438 in
2405 2373 2607 2438 totum
2639 2370 2961 2454 perillum
2993 2388 3127 2436 mo-

426 2461 571 2524 dum
621 2463 688 2524 et
733 2459 1015 2535 formam,
1065 2463 1129 2525 et
1174 2479 1280 2543 per
1325 2458 1482 2524 illud
1531 2464 1777 2541 tempus
1826 2464 1889 2525 et
1933 2459 2250 2538 terminos,
2316 2460 2422 2545 qui
2466 2460 2839 2526 videbuntur
2881 2458 3115 2525 eisdem

429 2548 526 2613 vel
573 2548 792 2613 maiori
840 2550 1000 2631 parti
1048 2566 1156 2632 pro
1203 2549 1419 2613 maiori
1466 2550 1783 2614 commodo
1832 2550 2028 2613 nostri
2073 2549 2439 2616 communis.
2487 2549 2578 2614 De
2621 2550 2797 2631 parte
2842 2546 2951 2612 86.

508 2656 751 2719 Secreta
792 2655 966 2719 Coris,
1020 2655 1171 2734 Roy.
1219 2659 1276 2718 I.
1326 2661 1430 2729 71,
1474 2677 1519 2717 u
1561 2659 1716 2719 mlet.
1763 2659 2000 2754 arkivy.

666 2849 1138 2949 DGXXXI.
1195 2866 1400 2950 God.
1453 2865 1685 2949 1402.
1740 2866 1845 2949 10
1900 2866 2343 2966 kolovoza,
2394 2889 2452 2949 u
2508 2865 2891 2950 Mletclh.

436 3009 682 3084 Obeaeaje
725 3027 787 3070 se
835 3013 1006 3070 1000
1051 3005 1194 3073 dulc.
1231 3011 1610 3085 poslanikom
1653 3012 1860 3085 kralja,
1900 3012 2299 3086 napuljskoya
2343 3010 2697 3082 Ladiszava,
2748 3011 2862 3071 ako
2897 3010 3130 3084 privole

480 3157 485 3164 ⁴
933 3117 977 3158 u
1022 3097 1138 3159 ime
1184 3100 1387 3174 krab'a
1430 3117 1515 3159 na
1558 3099 1774 3178 odpust
1813 3100 1980 3171 Krsa
2020 3115 2097 3160 ua
2138 3101 2355 3159 20000
2385 3100 2632 3161 dulcata.

395 3275 399 3281 .
645 3219 830 3285 1402.
874 3222 979 3286 die
1020 3221 1079 3290 X
1129 3220 1401 3302 augusti.
1440 3220 1551 3286 Ser
1596 3221 1950 3286 Leonardus
1996 3220 2258 3298 Victuri,
2309 3240 2406 3285 ser
2449 3220 2919 3285 Bartholomeus
2964 3217 3123 3285 Con-

431 3312 660 3385 tareno,
701 3327 798 3373 ser
844 3309 1170 3375 Barbonus
1202 3309 1591 3387 Mauroceno,
1625 3310 1931 3391 sapientes
1964 3307 2270 3373 ordinum.
2321 3307 2476 3374 Cum
2506 3307 2671 3374 clare
2702 3310 3133 3392 cognoscatur,

432 3394 595 3480 quod
642 3397 1071 3463 serenissimus
1118 3398 1404 3462 dominus
1450 3416 1555 3462 rex
1597 3397 1922 3462 Ladislaus
1998 3400 2285 3479 procuret
2350 3397 2577 3462 habere
2654 3397 2979 3479 pecuniam
3057 3397 3136 3462 ad

432 3484 889 3564 sufficientiam,
937 3504 1075 3551 cum
1125 3505 1244 3570 qua
1289 3487 1489 3569 possit
1536 3487 1753 3568 exequi
1801 3485 1965 3551 facta
2010 3503 2122 3549 sua
2160 3489 2371 3550 contra
2410 3504 2674 3569 regnum
2723 3485 3041 3568 Hungarie
3075 3486 3139 3550 et

429 3573 846 3652 DalmatinOS,
895 3577 957 3639 et
1002 3579 1303 3657 quantum
1351 3575 1540 3655 possit
1585 3577 1797 3639 cedere
1874 3575 1949 3638 ad
2026 3575 2325 3638 damnum
2399 3578 2703 3653 nostrum,
2759 3575 2814 3638 si
2880 3572 3138 3639 haberet

429 3661 814 3727 Dalmatiam
861 3662 925 3726 in
974 3662 1257 3727 manibus
1303 3663 1452 3740 suis,
1495 3662 1781 3728 omnibus
1830 3662 1987 3727 satis
2033 3664 2226 3745 patet,
2271 3661 2362 3727 ita
2423 3662 2584 3745 quod
2655 3664 2979 3746 postquam
3026 3679 3135 3743 pro

428 3753 603 3832 parte
644 3755 857 3815 nostra
905 3753 1156 3816 ostensa
1203 3751 1299 3815 est
1335 3750 1490 3815 satis
1541 3753 1753 3815 nostra
1798 3751 1958 3815 bona
2003 3750 2328 3833 dispositio
2373 3749 2438 3814 in
2484 3750 2883 3815 conventione
2929 3747 3134 3813 fienda

429 3839 502 3903 de
551 3839 715 3902 dicta
760 3838 963 3904 insula
1008 3837 1308 3922 Corphoy,
1362 3841 1425 3902 et
1470 3857 1688 3904 sumus
1734 3838 2187 3904 rationabiliter
2238 3839 2531 3913 excusati,
2600 3838 2848 3920 sapiens
2894 3856 2991 3903 res
3040 3840 3138 3902 est

429 3926 831 3991 consideratis
878 3926 1171 4008 predictis
1219 3946 1337 3992 non
1386 3945 1520 3992 esse
1567 3944 1769 4006 causa,
1819 3927 1978 4010 quod
2026 3926 2225 4009 possit
2270 3927 2584 4009 pervenire
2617 3928 2694 3992 ad
2726 3925 3133 3991 intentionem

389 4030 610 4079 ‘suam
656 4033 799 4080 cum
846 4019 1056 4079 nostra
1101 4015 1392 4098 pecunia3
1444 4015 1614 4079 vadit
1652 4033 1812 4098 pars,
1870 4018 2196 4098 postquam
2259 4033 2368 4079 nos
2433 4014 2784 4097 possuimus
2828 4014 2904 4080 ad
2951 4013 3144 4078 ratio-

432 4102 705 4167 nabilem
755 4104 1169 4186 quantitatem
1216 4105 1282 4167 et
1324 4103 1584 4169 fecimus
1631 4122 1878 4168 omnem
1925 4103 2366 4185 experientiam
2413 4102 2791 4185 possibilem,
2826 4102 2989 4185 quod
3035 4101 3143 4167 de-

434 4191 580 4256 beat
623 4191 749 4255 dici
789 4191 973 4257 dictis
1014 4191 1545 4257 ambaxiatoribus
1592 4191 1827 4257 domini
1874 4192 2037 4273 regis
2099 4190 2364 4274 predicti
2434 4210 2576 4256 cum
2617 4189 2748 4256 illis
2794 4190 3139 4255 rationibus

435 4282 515 4344 et·
545 4281 766 4356 verbis,
816 4299 931 4363 que
976 4280 1349 4345 videbuntur
1396 4281 1555 4345 bona
1597 4281 1661 4344 et
1704 4279 1907 4358 utilia,
1943 4279 2103 4361 quod
2136 4281 2347 4344 nostro
2379 4278 2650 4344 dominio
2688 4278 2947 4356 videtur,
2982 4278 3143 4360 quod

436 4369 749 4450 quantitas
793 4367 980 4452 precii
1028 4368 1317 4451 promissi
1365 4370 1449 4433 sit
1492 4370 1867 4450 competenS,
1896 4370 1959 4432 et
2004 4368 2081 4432 de
2125 4385 2247 4450 qua
2290 4367 2572 4432 dominus
2605 4385 2709 4431 rex
2739 4366 2968 4431 habeat
2999 4384 3140 4431 con-

440 4457 685 4534 tentari,
732 4461 794 4521 et
840 4455 999 4538 quod
1050 4476 1167 4519 non
1214 4455 1593 4534 dubitamus,
1645 4455 1803 4540 quod
1851 4456 1903 4520 si
1949 4455 2238 4520 dominus
2284 4475 2387 4519 rex
2434 4455 2621 4520 sciret
2667 4474 2775 4519 nos
2823 4453 3143 4519 attendere

440 4543 519 4608 ad
565 4543 726 4609 hanc
771 4546 1258 4623 conventionem,
1304 4550 1367 4609 et
1412 4545 1772 4627 promisisse
1842 4545 2080 4609 tantam
2158 4546 2573 4625 quantitatem
2619 4542 2895 4626 pecunie,
2946 4561 3149 4614 rema-

441 4633 614 4697 neret
659 4634 1005 4710 contentus,
1056 4640 1118 4698 et
1166 4652 1285 4697 non
1330 4633 1559 4698 faceret
1624 4632 1901 4716 aliquam
1970 4631 2412 4704 resistentiam,
2480 4634 2545 4697 et
2614 4634 2932 4714 propterea
2978 4632 3150 4714 post-

442 4737 628 4802 quam
676 4720 893 4787 dicunt
936 4739 1057 4790 non
1102 4722 1330 4788 habere
1376 4720 1736 4788 libertatem
1781 4719 1904 4786 nisi
1951 4720 2027 4785 de
2095 4718 2278 4787 XXX
2338 4720 2541 4786 millia
2603 4719 2880 4801 ducatiS,
2945 4718 3145 4787 adhuc
