3620 5282
582 335 713 404 244

580 513 797 579 vitutis
843 514 1201 594 Turcornm‚
1249 531 1369 578 non
1431 513 1803 592 dubitantes,
1867 512 2028 597 quod
2090 511 2353 595 predicti
2413 512 2555 579 boni
2616 511 2901 581 homines
2966 512 3280 592 Dnrachii,

577 605 681 686 qui
729 622 795 667 se
840 603 967 669 iam
1011 604 1185 667 tanto
1232 602 1508 685 tempore
1555 602 1820 668 viriliter
1865 603 2213 674 tenuerunt,
2257 602 2737 684 perseverabunt
2808 605 2870 667 et
2912 602 3097 668 erunt
3139 620 3278 667 con-

576 695 812 756 stantes
860 693 1051 756 etiam
1098 691 1219 756 isto
1270 691 1509 755 modico
1549 693 1846 774 tempore,
1895 709 2013 772 quo
2057 689 2232 772 galee
2279 694 2487 756 nostre
2536 691 2811 774 predicte
2851 692 2931 756 ad
2978 691 3279 775 predictas

575 784 783 863 partes
830 779 1185 862 pervenient
1232 798 1340 863 pro
1385 781 1842 846 conservatione
1890 781 1953 844 et
1998 777 2157 844 bono
2203 779 2498 862 ipsorum.

660 890 839 949 Misce·
887 887 1026 949 XL.
1078 889 1223 960 103,
1269 906 1311 949 u
1355 889 1696 950 mlctackom
1741 888 1976 949 arkivu.

945 1076 1238 1161 CCCL.
1292 1078 1498 1162 (3011.
1558 1078 1786 1162 1388.
1841 1079 1944 1163 26
1997 1076 2363 1181 venece,
2415 1101 2475 1161 u
2529 1077 2922 1163 Mletcih.

698 1192 860 1280 salja
904 1222 967 1265 se
1004 1206 1213 1279 pomo&
1256 1206 1485 1277 Dradu,
1532 1224 1572 1265 a
1615 1207 1763 1267 knez
1806 1221 1870 1265 sc
1915 1206 2106 1284 bodri,
2152 1206 2307 1266 nelca
2349 1207 2574 1280 nastoji
2614 1222 2647 1266 o
2691 1206 2905 1266 obram'
2945 1203 3160 1281 yrada.

790 1309 974 1392 1387.
1020 1310 1119 1374 die
1166 1309 1378 1375 XXVI
1423 1309 1737 1376 februarii.
1786 1309 1898 1376 Ser
1930 1309 2208 1376 Andreas
2238 1310 2474 1375 Bembo
2499 1309 2910 1389 consiliarius,
2939 1328 3038 1374 ser
3061 1308 3280 1373 Petrus

574 1397 887 1464 Mocenico
935 1403 1313 1481 procurator,
1363 1419 1459 1464 ser
1504 1397 1731 1482 Symon
1778 1398 2118 1478 Dalmatio,
2176 1399 2482 1480 sapientes
2528 1398 2799 1475 consilii;
2863 1417 2967 1463 ser
3009 1395 3280 1463 Jacobus

571 1487 832 1553 Suriano
897 1486 1141 1569 sapiens
1212 1487 1512 1553 ordinum.
1564 1486 1794 1571 Capta:
1844 1488 2022 1570 quod,
2072 1488 2143 1552 ut
2196 1486 2319 1552 ista
2364 1488 2614 1571 negotia
2661 1486 2964 1552 Durachii
3006 1484 3280 1550 ordinate

573 1576 906 1658 procedant
952 1578 1014 1641 et
1046 1576 1212 1640 fiant
1256 1595 1398 1640 cum
1448 1577 1693 1641 matura
1736 1575 2199 1651 deliberatione,
2230 1577 2586 1659 expediatur
2617 1575 2822 1641 subito
2855 1577 2922 1640 et
2952 1574 3084 1639 sine
3110 1590 3280 1638 mora

576 1682 697 1728 una
744 1663 924 1747 galea
971 1665 1181 1727 nostra
1212 1663 1376 1737 culfi,
1409 1664 1475 1728 et
1504 1664 1792 1730 mittatur
1824 1665 1900 1729 ad
1935 1666 2143 1748 partes
2177 1664 2490 1741 Durachii,
2524 1667 2590 1729 et
2618 1663 2760 1729 ante
2793 1663 2931 1729 eius
2961 1678 3275 1728 recessum

574 1753 854 1818 venietur
898 1752 974 1816 ad
1023 1751 1191 1816 istud
1238 1751 1583 1828 consilium,
1629 1753 1692 1816 et
1749 1753 1874 1825 fiet,
1936 1753 2100 1818 sicut
2161 1751 2382 1817 melius
2427 1751 2739 1818 videbitur
2786 1770 2895 1835 pro
2940 1752 3168 1816 honore
3221 1751 3287 1814 et

573 1842 730 1907 bono
777 1841 971 1905 nostri
1020 1839 1296 1904 dominii.
1344 1841 1426 1904 Et
1470 1840 1875 1905 nihilominus
1922 1839 2276 1923 expediatur
2321 1858 2455 1905 cras
2495 1859 2604 1923 per
2627 1840 2789 1906 diem
2821 1858 3083 1923 presens
3116 1838 3282 1922 gale·

568 1928 795 2006 delluS,
839 1948 944 2011 per
989 1947 1171 2011 quem
1219 1929 1566 1994 scribantur
1611 1929 1815 1993 littere
1861 1928 2107 1994 domino
2134 1929 2430 1994 Durachii
2463 1934 2528 1994 et
2556 1928 2717 2010 aliis,
2752 1928 2922 1994 sicut
2951 1926 3278 2002 videbitur,

569 2018 872 2082 hortando
921 2018 1125 2099 ipsum
1175 2016 1495 2082 dominum
1556 2018 1634 2082 ad
1703 2016 2178 2083 substinendum
2224 2020 2458 2082 statum
2505 2036 2709 2097 suum,
2760 2018 2929 2082 sicut
2976 2016 3281 2082 videbitur

569 2106 828 2188 collegio
874 2104 972 2170 vel
1019 2105 1236 2170 maiori
1274 2107 1438 2187 parti
1484 2142 1570 2153 —-
1620 2105 1722 2170 79.

778 2194 891 2260 Ser
936 2194 1159 2258 Petrus
1205 2192 1498 2259 Cornario
1543 2196 1904 2277 procurator
1964 2194 2210 2276 sapiens
2274 2194 2547 2270 consilii;
2615 2213 2713 2260 ser
2760 2194 3039 2261 ,Iacobus
3090 2192 3280 2258 Vala-

565 2301 748 2360 resso,
798 2301 895 2346 ser
955 2281 1267 2348 Johannes
1312 2281 1593 2359 Alberto,
1658 2284 1970 2366 sapientes
2026 2283 2327 2347 ordinum.
2420 2281 2595 2362 Quod
2641 2302 2749 2366 pro
2796 2283 2957 2348 bono
3017 2282 3277 2348 istorum

565 2371 943 2455 agendorum
990 2370 1301 2435 scribatur
1346 2390 1454 2453 per
1500 2371 1694 2437 istum
1743 2370 2122 2454 galedellum
2169 2370 2417 2437 domino
2464 2372 2762 2437 Durachii
2807 2374 2875 2436 et
2914 2371 3083 2452 aliis,
3116 2369 3274 2435 sicut

563 2459 894 2538 videbitur,
943 2457 1018 2523 de
1066 2458 1410 2540 receptione
1457 2459 1809 2526 litterarum
1863 2477 2141 2539 suarum,
2188 2460 2491 2525 hortando
2554 2460 2761 2543 ipsum
2823 2460 3155 2524 dominum
3200 2458 3271 2522 ad

564 2547 1089 2614 conservationem
1139 2548 1342 2612 status
1390 2547 1504 2625 sui,
1555 2548 1717 2613 sicut
1781 2547 2005 2612 melius
2067 2551 2131 2612 et
2195 2548 2415 2614 utilius
2479 2547 2789 2615 videbitur
2851 2548 3122 2632 collegio
3184 2546 3276 2611 vel

564 2636 786 2703 maiori
833 2635 1012 2720 parti.
1106 2637 1363 2718 Insuper
1406 2637 1839 2703 committatur
1886 2635 2078 2702 nobili
2127 2635 2254 2702 viro
2299 2656 2400 2702 ser
2460 2635 2715 2703 Nicolao
2772 2635 2946 2704 Geno
2995 2638 3160 2702 ituro
3202 2633 3275 2700 ad

563 2726 926 2793 armandum
972 2723 1035 2787 in
1081 2723 1353 2805 Cretam,
1402 2728 1467 2789 et
1511 2726 1743 2791 recedit
1786 2744 1930 2791 curn
1960 2726 2233 2808 presenti
2263 2726 2588 2809 galedello,
2623 2725 2787 2808 quod
2831 2725 3004 2791 ultra
3034 2726 3276 2791 litteras

563 2814 868 2899 predictas
916 2812 1136 2876 debeat
1180 2812 1418 2877 hortari
1464 2814 1698 2879 dictum
1748 2813 2071 2879 dominum
2117 2833 2188 2878 ex
2235 2817 2411 2896 parte
2457 2817 2649 2879 nostri
2697 2814 2955 2880 dominii
3005 2814 3084 2879 ad
3133 2812 3270 2876 snb-

563 2904 917 2968 stinendum
982 2901 1245 2965 viriliter
1305 2902 1541 2966 statum
1603 2921 1804 2975 suum,
1870 2902 2065 2967 dando
2128 2904 2204 2967 ad
2268 2902 2746 2986 intelligendum
2789 2903 2958 2969 dicto
3005 2902 3269 2977 domino,

563 2991 723 3075 quod
772 2988 1125 3072 expedimus
1171 2988 1384 3072 galeas
1431 2991 1674 3056 nostras
1722 2990 1868 3055 culfi
1910 3009 2099 3074 quam
2142 2991 2334 3056 cicius
2384 2991 2716 3075 possimu8‚
2764 3009 2917 3073 quas
2950 2990 3273 3055 mittemus

561 3082 625 3145 in
673 3078 844 3143 brevi
890 3078 967 3142 ad
1016 3080 1222 3160 partes
1270 3078 1569 3143 Durachii
1617 3098 1723 3162 pro
1770 3079 1928 3145 bono
1972 3081 2036 3144 et
2080 3080 2534 3145 conservatione
2581 3081 2784 3145 status
2832 3078 2932 3144 sui
2979 3097 3123 3145 cum
3153 3075 3271 3142 hiis

565 3169 629 3234 et
674 3166 815 3231 aliis
862 3166 1038 3232 bonis
1086 3169 1147 3229 et
1195 3166 1453 3231 utilibus
1501 3167 1723 3247 verbis,
1798 3187 1915 3250 que
1992 3166 2361 3233 videbuntur
2421 3167 2697 3253 collegio,
2747 3167 2817 3233 ut
2870 3166 3110 3233 dictum
3158 3166 3265 3229 est.

565 3258 646 3321 Et
694 3255 1096 3320 nihilominus
1143 3255 1320 3318 detur
1367 3255 1671 3338 expeditio
1713 3256 1909 3339 galeis
1956 3256 2182 3321 nostris
2239 3255 2401 3335 culfi,
2449 3257 2593 3322 ante
2648 3274 2913 3340 quarum
2957 3270 3264 3320 recessum

562 3344 844 3409 venietur
888 3343 963 3407 ad
1018 3341 1185 3406 istud
1231 3343 1578 3423 consilium,
1626 3345 1691 3410 et
1736 3344 2156 3427 providebitur
2204 3363 2386 3427 super
2408 3345 2548 3410 istis
2579 3344 2870 3427 negociis,
2906 3345 3074 3409 sicut
3105 3340 3272 3405 vide-

566 3432 740 3496 bitur
809 3448 917 3513 pro
977 3430 1205 3495 honore
1272 3434 1337 3494 et
1403 3432 1558 3497 bono
1642 3434 1834 3497 nostri
1889 3431 2176 3507 dominii;
2242 3434 2430 3498 etiam
2505 3432 2858 3515 expediatur
2947 3450 3085 3498 cras
3167 3447 3270 3511 per

570 3521 730 3585 diem
794 3537 1044 3601 presens
1120 3518 1487 3601 galedellus.
1564 3521 1791 3585 Verum
1867 3520 1919 3585 si
1986 3540 2084 3585 ser
2144 3519 2440 3587 Nicolaus
2520 3521 2689 3588 Geno
2752 3540 2872 3586 non
2960 3516 3266 3585 recederet

565 3626 707 3673 cum
754 3606 1024 3690 presenti
1071 3607 1398 3690 galedello,
1465 3608 1818 3674 scribantur
1879 3608 2088 3674 littere
2151 3609 2220 3674 in
2283 3609 2393 3675 illa
2463 3609 2665 3674 forma
2725 3612 2789 3676 et
2852 3608 3013 3674 sicut
3099 3604 3266 3670 vide-

562 3696 731 3762 bitur
779 3694 1039 3777 collegio
1103 3694 1200 3759 vel
1264 3698 1480 3762 maiori
1528 3698 1708 3779 parti,
1754 3699 1825 3763 ut
1871 3695 2107 3762 dictum
2153 3698 2270 3763 est.
2320 3699 2411 3763 De
2479 3700 2655 3782 parte
2729 3698 2830 3773 10,
2902 3698 2976 3762 de
3022 3713 3139 3760 non
3202 3692 3263 3771 2,

570 3804 688 3850 non
736 3785 956 3849 sinceri
1007 3785 1065 3847 2.

768 3873 957 3937 Facta
1003 3872 1124 3937 fuit
1169 3871 1357 3955 proba
1403 3871 1665 3939 duorum
1733 3874 2292 3955 supracomitorum
2332 3873 2478 3939 culfi
2524 3891 2632 3957 pro
2678 3875 2974 3939 armando
3021 3872 3264 3957 galeam

560 3960 1311 4115 suprasffrsipstamfliuml
1345 3961 1609 4116 forniam
1628 3961 2105 4128 ὴραὶἓξεῒοὲιόίῑθὲ
2139 3964 2203 4027 et
2219 3961 2778 4117 §9m?n8itscruce
2824 3962 3126 4114 εέςῐιεῖιιε.

943 4069 1007 4114 er
1119 4067 1285 4115 ermo
1315 4067 1424 4114 aus
1523 4070 1621 4115 am
1671 4069 1736 4113 er
1806 4099 1820 4127 ‚
2110 4069 2173 4114 er
2282 4070 2374 4118 ico
2405 4070 2515 4117 aus
2613 4069 2839 4134 uperan
2873 4070 2950 4117 io.

643 4157 822 4220 Masta·
873 4157 1011 4220 XL.
1064 4162 1207 4228 104,
1258 4176 1301 4219 u
1342 4160 1681 4220 mlecackom
1729 4159 1964 4219 arkivu.

904 4347 1235 4433 CCCLI.
1291 4349 1495 4433 God.
1549 4352 1777 4435 1388.
1832 4351 1935 4436 28
1990 4348 2348 4454 veljace,
2402 4376 2462 4436 u
2516 4353 2878 4454 Olgunu.

558 4476 767 4552 Gjorqj
812 4476 1104 4537 Sracimir
1134 4477 1430 4551 qospodar
1477 4477 1658 4539 Zeute
1703 4479 2030 4552 dozvolmje
2073 4479 2452 4551 Mletcanom,
2493 4480 2574 4540 da
2608 4498 2691 4555 po
2722 4481 2990 4557 m'eqovih
3019 4475 3258 4551 zemb'ah

1644 4582 1926 4647 slobodno
1974 4587 2196 4662 trym'u.

764 4684 952 4767 Copia
1000 4685 1419 4768 promissionis
1472 4687 1632 4753 facte
1686 4688 1918 4753 dudum
1967 4707 2073 4771 per
2127 4690 2526 4773 magnificum
2570 4691 2887 4758 dominum
2929 4690 3249 4775 Georgium

555 4773 900 4841 Strazimiri
943 4774 1133 4839 Zeute
1165 4776 1280 4840 etc.
1339 4775 1689 4861 subscripta
1745 4796 1933 4843 manu
1976 4778 2125 4844 dicti
2170 4779 2402 4844 domini
2435 4780 2497 4847 et
2543 4781 2817 4865 sigillate
2870 4799 2978 4848 suo
3031 4778 3246 4864 sigillo,
