3620 5282
499 351 631 416 306

500 525 747 591 nomine
795 522 946 587 dicti
997 524 1227 588 domini
1290 524 1683 606 imperatoris
1742 542 1814 587 ac
1860 524 1989 588 eius
2053 523 2200 601 filii,
2265 524 2491 588 dictam
2555 522 3014 589 restitutionem
3091 521 3240 586 dicti

504 612 694 678 castri
740 611 940 676 facere
987 611 1187 677 eidem
1231 612 1477 677 domino
1544 612 1907 693 imperatori
1971 630 2079 675 seu
2127 612 2258 676 eius
2321 610 2487 686 filio,
2553 610 3065 692 quandocumque
3117 610 3236 673 sibi

499 699 823 785 placuerit,
873 702 943 762 ut
987 700 1365 780 promissum
1408 701 1539 776 est3
1611 702 1675 765 et
1738 700 1818 763 ad
1866 699 2430 764 corroborationem
2496 697 2657 763 dicte
2716 698 3126 762 restitutionis
3174 699 3239 762 et

500 808 610 872 pro
652 789 788 870 ipsa
833 786 1225 852 restitutione
1272 787 1536 852 firmiter
1580 787 1876 865 fatienda,
1938 790 2009 851 ut
2055 787 2430 870 promissum
2478 788 2614 864 est,
2680 786 2800 867 ipsi
2848 784 3082 849 domini
3135 804 3237 850 ca-

501 876 755 960 pitanei,
806 874 1178 955 consiliarii,
1243 893 1446 940 comes
1511 878 1574 939 et
1638 874 1980 958 provisores
2047 874 2310 956 predicti
2371 875 2617 938 nomine
2680 873 3123 938 dominationis
3171 875 3235 938 et

494 963 839 1030 communis
886 962 1286 1027 Venetiarum
1334 963 1738 1046 corporaliter
1785 963 2149 1027 iuraverunt
2178 964 2254 1026 ad
2290 964 2505 1027 sancta
2529 963 2626 1025 dei
2675 961 3002 1043 evangelia
3052 961 3238 1025 tactis

483 1050 816 1134 scripturis
863 1050 1062 1115 eidem
1108 1051 1353 1117 domiuo
1398 1050 1653 1115 Jurases
1716 1050 1990 1132 predicto
2057 1051 2400 1114 castellano
2472 1050 2715 1114 nomine
2782 1048 2935 1113 dicti
2999 1048 3239 1112 domini

497 1137 886 1223 imperatoris
934 1157 1042 1202 seu
1091 1139 1224 1203 eius
1272 1138 1384 1202 filii
1433 1139 1667 1203 dictum
1718 1140 2178 1202 sacramentum
2224 1137 2459 1219 petenti
2508 1139 2572 1202 et
2620 1137 2942 1220 recipienti
2995 1137 3233 1202 dictam

495 1226 968 1310 promissionem
1013 1229 1076 1289 et
1122 1225 1581 1291 restitutionem
1631 1225 1780 1290 dicti
1827 1227 2016 1290 castri
2065 1226 2371 1291 Scardone
2419 1225 2610 1290 libere
2658 1224 2877 1302 facere,
2929 1226 2998 1289 ut
3051 1244 3232 1307 supe-

497 1316 625 1380 rius
672 1316 909 1380 dictum
956 1316 1072 1391 est,
1121 1315 1367 1379 domino
1414 1313 1774 1397 imperatori
1826 1317 1923 1378 vel
1971 1313 2100 1378 eius
2149 1313 2295 1378 filio.

709 1402 840 1483 Ego
886 1402 1263 1466 Lauzarotus
1309 1401 1386 1466 de
1433 1400 1772 1466 Contrariis
1820 1404 1893 1466 de
1941 1401 2226 1466 Ferraria
2290 1400 2576 1483 publicus
2645 1399 2956 1482 imperiali
3020 1403 3232 1465 aucto·

498 1492 686 1555 ritate
733 1490 1028 1567 notariuS,
1080 1508 1190 1553 nec
1237 1508 1355 1554 non
1404 1491 1676 1554 notarius
1716 1491 1779 1553 et
1825 1488 2230 1553 cancellarius
2254 1488 2407 1552 dicti
2446 1487 2678 1551 domini
2728 1488 3035 1569 capitanei
3061 1487 3234 1553 Scla-

503 1580 703 1655 vonie,
750 1576 1041 1659 predictis
1088 1576 1375 1642 omnibus
1424 1580 1489 1642 et
1535 1576 1799 1658 singulis
1832 1576 2079 1640 interfui
2131 1577 2194 1640 et
2239 1578 2491 1659 rogatus
2525 1576 2743 1689 scripsi
2791 1578 2874 1641 et
2899 1575 3233 1658 publicavi.

592 1667 1161 1728 Commemorialium
1204 1668 1269 1729 V.
1320 1670 1421 1738 49,
1467 1686 1509 1726 u
1550 1668 1892 1727 mletadkom
1937 1668 2168 1727 arkivu.

1009 1873 1588 1957 CCCCXLIX.
1671 1873 1878 1959 God.
1935 1872 2162 1957 1356.
2215 1895 2276 1954 u
2326 1872 2719 1955 Mletcih.

1127 2000 1322 2074 Uvjeti
1365 2017 1438 2061 za
1486 2000 1869 2060 domobrance
1916 1999 2141 2060 sluiecc
2185 2018 2229 2059 u
2273 2000 2622 2073 Hrvatskoj.

719 2123 904 2187 1355.
954 2123 1087 2187 Hec
1134 2125 1280 2186 suut
1327 2123 1507 2204 pacta
1552 2140 1692 2185 cum
1733 2120 2039 2204 stipendio
2097 2120 2483 2203 equestribus
2547 2120 2756 2185 missis
2816 2119 2894 2183 ad
2943 2119 3230 2204 paysina-

501 2212 695 2277 ticum
745 2210 1088 2287 Sclavonie,
1140 2210 1307 2274 facta
1355 2228 1462 2292 per
1507 2209 1822 2273 dominum
1873 2209 2110 2286 ducem,
2161 2208 2544 2273 consiliarios
2591 2212 2652 2272 et
2701 2208 3012 2291 sapientes
3043 2208 3229 2272 infra-

500 2301 782 2382 scriptos,
836 2298 1121 2362 videlicet
1169 2316 1269 2361 ser
1313 2298 1650 2361 Henricum
1699 2296 1903 2373 Ferr0,
1955 2316 2055 2361 ser
2101 2297 2437 2361 Fantinum
2471 2297 2544 2360 de
2575 2296 2804 2360 Pesaro
2852 2299 2916 2360 et
2962 2315 3060 2360 ser
3109 2296 3225 2360 Pe-

502 2391 670 2453 trum
722 2387 1098 2462 GradonicO,
1148 2386 1225 2449 ad
1291 2386 1405 2450 hoc
1467 2385 1810 2467 deputatos
1875 2385 1945 2449 In
1991 2384 2249 2467 primis,
2324 2384 2483 2466 quod
2531 2384 2793 2467 quilibet
2855 2402 3036 2465 eques
3085 2403 3226 2449 cum

500 2494 622 2541 uno
667 2475 823 2539 bono
873 2478 937 2537 et
980 2472 1309 2537 sufficienti
1359 2491 1513 2555 equo
1561 2472 1638 2536 ab
1685 2472 1876 2536 armis
1933 2473 1997 2536 et
2041 2473 2455 2553 unoroncino
2517 2471 2743 2536 habeat
2794 2472 3045 2536 ducatos
3091 2473 3226 2536 octo

504 2566 568 2628 et
612 2579 857 2647 grossos
905 2560 1209 2625 sexdecim
1258 2560 1323 2624 in
1372 2563 1620 2625 moneta
1681 2559 1745 2623 in
1792 2579 2037 2638 mense,
2088 2562 2151 2624 et
2213 2579 2321 2644 pro
2388 2577 2542 2644 equo
2605 2558 2735 2625 solo
2796 2558 2926 2623 sine
2983 2559 3228 2623 roncino

500 2652 757 2716 ducatos
804 2670 907 2715 sex
957 2654 1019 2714 et
1061 2667 1307 2732 grossos
1353 2649 1671 2713 duodecim
1734 2649 1795 2713 in
1860 2652 2102 2713 moneta
2164 2647 2227 2711 in
2276 2666 2522 2724 mense,
2587 2649 2677 2712 ita
2720 2649 2881 2729 quod
2936 2648 3224 2713 roncinus

500 2758 745 2822 semper
792 2740 1186 2820 computetur
1233 2755 1343 2820 pro
1391 2736 1635 2801 ducatis
1680 2737 1918 2801 duobus
1965 2738 2029 2801 et
2075 2736 2305 2818 grossis
2352 2738 2645 2818 quattuor
2692 2736 2754 2800 in
2803 2736 3069 2799 moneta.

710 2845 867 2909 Item
920 2843 1082 2926 quod
1129 2842 1547 2908 comestabilis
1612 2841 1836 2906 habere
1901 2842 2123 2906 debeat
2185 2860 2326 2905 cum
2389 2859 2509 2904 uno
2572 2841 2727 2905 bono
2774 2842 2837 2905 et
2897 2839 3227 2904 sufficienti

501 2950 655 3015 equo
702 2933 779 2996 ab
826 2932 1015 2996 armis
1062 2933 1126 2995 et
1171 2949 1291 2995 uno
1339 2931 1586 2994 roncino
1634 2930 1698 2993 et
1747 2947 1866 2993 uno
1911 2930 2034 2994 alio
2081 2948 2234 3011 equo
2281 2928 2357 2992 ab
2405 2928 2617 3007 armis,
2668 2947 2851 3009 super
2884 2946 3001 3009 quo
3049 2928 3223 3010 equi-

500 3022 595 3085 tet
641 3039 788 3083 suus
832 3019 1250 3096 banderariuS,
1301 3021 1365 3082 et
1409 3037 1526 3082 uno
1574 3018 1696 3081 alio
1748 3017 2036 3094 roncino,
2103 3036 2284 3098 super
2331 3034 2447 3099 quo
2510 3017 2749 3098 equitet
2795 3033 2942 3079 suus
2990 3016 3222 3093 tubeta,

505 3109 755 3171 ducatos
802 3107 1064 3189 triginta
1108 3107 1405 3205 quattuor
1466 3109 1529 3169 et
1587 3123 1838 3187 grossos
1904 3106 2210 3169 sexdecim
2269 3105 2333 3168 in
2395 3103 2658 3168 monetis
2706 3104 2766 3167 in
2814 3121 3060 3182 mense,
3110 3122 3225 3185 que

502 3197 680 3276 poste
728 3194 1161 3275 computentur
1207 3194 1269 3256 in
1320 3210 1572 3256 numero
1618 3211 1773 3274 page
1821 3210 1928 3255 sue
1969 3191 2279 3256 banderie.

712 3297 875 3361 Item
923 3295 1188 3378 quilibet
1235 3315 1422 3379 eques
1462 3295 1690 3360 habare
1733 3297 1797 3359 et
1842 3297 2051 3361 tenere
2097 3296 2316 3361 debeat
2370 3294 2481 3360 hec
2526 3314 2734 3376 arma,
2785 3267 3075 3362 videlicet
3120 3313 3230 3361 cu·

503 3385 751 3462 ratiam,
800 3385 1043 3465 slapum
1091 3385 1357 3462 curtum,
1406 3384 1697 3461 manicaS,
1744 3384 2063 3463 celarium,
2092 3383 2517 3460 scincheriam,
2554 3403 2764 3448 ensem
2815 3386 2879 3448 et
2924 3383 3224 3448 cutellum

501 3474 565 3539 et
605 3472 731 3537 alia
775 3472 1172 3536 neccessaria.

711 3561 870 3624 Item
918 3559 1075 3641 quod
1125 3558 1185 3623 in
1225 3559 1504 3642 qualibet
1551 3558 1844 3624 banderia
1889 3560 2013 3623 sint
2056 3579 2160 3624 sex
2221 3559 2534 3641 caporales
2596 3559 2738 3624 boni
2783 3560 2950 3624 ultra
3015 3577 3227 3642 perso-

502 3667 648 3713 nam
695 3646 1133 3724 comestabilis,
1185 3649 1248 3711 et
1291 3647 1561 3728 ipsorum
1611 3647 1876 3728 quilibet
1933 3648 2159 3712 habere
2222 3648 2446 3711 debeat
2516 3666 2741 3729 equum
2805 3665 2999 3713 unum
3060 3665 3230 3712 com-

502 3738 767 3821 pertum,
817 3754 1008 3800 unum
1058 3734 1397 3812 cimerium,
1448 3734 1705 3799 lantiam
1754 3737 1817 3799 et
1866 3736 2135 3818 targam.

713 3825 870 3888 Item
921 3824 1079 3906 quod
1127 3823 1234 3887 fiat
1280 3823 1462 3887 firma
1508 3824 1581 3886 de
1630 3822 1944 3887 mensibus
1992 3843 2094 3887 sex
2141 3823 2204 3886 et
2251 3840 2411 3905 paga
2457 3821 2532 3886 de
2563 3822 2788 3901 tribuS,
2841 3824 2904 3887 et
2948 3841 3058 3906 pro
3108 3822 3228 3887 im-

502 3912 766 3995 prestito
815 3914 1035 3976 dentur
1083 3910 1171 3975 eis
1216 3910 1420 3974 ducati
1465 3909 1734 3987 ducenti,
1782 3910 1941 3993 quod
1986 3911 2410 3992 imprestitum
2434 3909 2619 3974 debet
2666 3910 2755 3974 eis
2793 3911 2986 3975 teneri
3038 3912 3100 3975 in
3132 3930 3229 3975 se-

507 4002 707 4066 cunda
752 4019 909 4084 paga
957 4000 1143 4064 trium
1193 3998 1517 4076 mensium,
1570 3997 1857 4062 videlicet
1899 3998 2155 4062 tertium
2205 3996 2373 4061 omni
2424 4016 2654 4062 mense.

712 4105 874 4171 Item
921 4104 1080 4186 quod
1130 4102 1280 4167 dicti
1328 4105 1653 4166 teneantur
1716 4104 1779 4166 et
1841 4103 2115 4184 ipsorum
2181 4103 2477 4184 quilibet,
2546 4102 2600 4166 si
2661 4101 2946 4167 dominus
2991 4103 3113 4168 dux
3159 4105 3223 4168 et

500 4211 825 4258 commune
876 4192 1273 4256 Venetiarum
1318 4190 1458 4255 illos
1521 4192 1594 4255 ad
1657 4190 1981 4255 servitium
2043 4210 2223 4255 suum
2288 4191 2559 4273 amplius
2623 4190 2963 4270 voluerint,
3015 4210 3227 4256 eorum

502 4279 683 4352 firma
729 4279 1039 4362 completa
1087 4280 1289 4362 potius
1335 4297 1468 4343 esse
1515 4279 1591 4341 ad
1638 4278 1959 4343 servitium
2009 4278 2270 4360 predicti
2296 4277 2532 4343 domim
2561 4276 2733 4342 ducis
2773 4281 2837 4343 et
2880 4279 3226 4344 communis

496 4366 906 4517 {enetiarum
952 4367 1133 4431 firma
1181 4368 1474 4456 ipsorum,
1519 4366 1589 4431 ut
1631 4365 1986 4448 predicitur,
2038 4366 2366 4447 completa,
2415 4383 2606 4448 quam
2666 4366 2926 4431 alterius
2975 4385 3228 4449 persone

541 4472 573 4517 e
620 4457 846 4517 mundo

709 4559 867 4622 Item
914 4560 1334 4625 comestabilis
1379 4562 1444 4625 et
1489 4559 1730 4642 equites
1793 4559 2094 4640 incipiant
2155 4578 2380 4659 pagam
2437 4560 2500 4623 et
2559 4560 2798 4624 lucrare
2861 4560 3107 4624 soldum
3155 4577 3226 4623 eo

497 4643 618 4721 die,
668 4663 786 4727 quo
833 4644 1092 4711 fecerint
1136 4650 1481 4713 monstram
1528 4666 1704 4712 suam
1750 4667 1893 4712 cum
1941 4647 2229 4710 omnibus
2283 4647 2409 4711 suis
2458 4647 2655 4726 sotiiS,
2706 4647 2971 4732 equibus
3019 4650 3084 4713 et
3128 4665 3231 4711 ar-

497 4731 617 4804 mis
663 4731 740 4796 ad
787 4733 1058 4815 plenum,
1107 4736 1172 4799 et
1217 4736 1378 4801 facta
1424 4736 1704 4801 monstra
1749 4735 2055 4818 incipiant
2095 4735 2341 4800 lucrare
2389 4734 2651 4799 soldum.
