3620 5282
566 376 696 447 292

776 551 1364 636 ccccxxlll.
1417 551 1623 637 God.
1676 552 1902 637 1392.
1956 553 2008 636 9
2062 552 2507 653 kolovoza‚
2557 575 2620 637 u
2671 552 3066 638 Mletclh.

847 715 1160 798 oaqovam
1203 732 1264 777 se
1307 733 1393 777 na
1435 716 1699 777 traberna
1741 714 1993 792 &joma
2043 716 2249 792 Tapae
2288 718 2624 793 yospoaara
2668 719 2982 794 draekoya.

776 872 968 940 1392.
1014 873 1344 938 indictione
1390 870 1528 952 XV,
1575 870 1676 937 die
1721 889 1881 938 nono
1930 872 2163 940 mensis
2207 875 2481 958 augusti.
2550 873 2872 957 Sapientes
2918 873 3164 939 consilii
3214 877 3286 939 et

563 961 872 1045 sapientes
917 961 1220 1028 ordinum.
1270 959 1500 1043 Capta:
1548 961 1704 1043 quod
1751 963 2189 1044 respondeatur
2219 962 2297 1028 ad
2329 963 2452 1027 ista
2484 962 2754 1046 capitala
2783 961 2959 1028 nobis
2995 967 3284 1045 porrecta

560 1068 671 1133 pro
713 1052 888 1134 parte
934 1048 1246 1134 magnifici
1293 1049 1523 1115 domini
1573 1047 1820 1133 Georgii
1867 1051 2055 1135 Topie
2096 1050 2326 1117 domini
2392 1050 2684 1116 Durachii
2746 1051 2810 1115 in
2874 1051 2989 1115 hac
3032 1050 3276 1116 forma:

560 1142 624 1204 et
666 1140 866 1223 primo
904 1140 980 1204 ad
1027 1139 1297 1221 primum
1342 1136 1702 1220 capitulum,
1750 1158 1859 1220 per
1904 1141 2058 1222 quod
2104 1138 2547 1205 ambasiatores
2592 1138 2689 1204 sui
2737 1157 2847 1205 suo
2893 1140 3134 1205 nomine
3167 1158 3273 1203 re-

559 1228 836 1310 quirunt,
883 1227 1043 1311 quod
1087 1227 1263 1292 nobis
1311 1225 1552 1309 placeat
1598 1226 1963 1293 confirmare
2025 1233 2087 1292 et
2154 1225 2462 1292 ratificare
2528 1246 2637 1310 per
2694 1229 2937 1292 nostras
2985 1227 3272 1310 patentes

557 1315 793 1397 literae,
841 1315 1016 1380 bulla
1060 1333 1245 1380 aurea
1277 1313 1712 1395 communitae,
1748 1315 2231 1380 instrumentum
2263 1317 2584 1397 pactorum
2618 1318 3074 1381 contractorum
3105 1317 3274 1381 inter

558 1402 763 1487 ipsum
808 1413 870 1469 et
911 1403 1181 1470 nobilem
1229 1403 1431 1468 virum
1464 1422 1564 1467 ser
1596 1402 1970 1469 Saracenum
2005 1402 2288 1468 Dandulo
2318 1404 2711 1486 capitaneum
2744 1410 3026 1469 nostrum
3055 1402 3272 1487 culphi

556 1508 740 1575 super
785 1492 947 1558 facto
994 1491 1183 1559 castri
1257 1495 1323 1556 et
1390 1485 1665 1556 civitatis
1731 1491 2048 1569 Durachii,
2106 1495 2170 1556 et
2215 1493 2333 1555 cet.
2384 1527 2461 1538 —
2511 1488 2687 1570 Quod
2730 1492 3030 1557 babentes
3075 1491 3270 1558 immo

553 1600 665 1664 pro
709 1581 976 1647 costanti
1021 1583 1320 1656 tenentes,
1369 1579 1533 1663 quod
1579 1578 1782 1644 dictus
1829 1578 2113 1644 dominus
2160 1579 2433 1662 plenarie
2480 1580 2833 1646 observabit
2876 1579 3053 1646 nobis
3114 1599 3270 1663 que-

556 1687 819 1753 cumque
866 1669 1157 1737 contenta
1201 1668 1264 1733 in
1313 1668 1726 1733 instrumento
1772 1667 2066 1750 predicto,
2113 1665 2389 1732 contenti
2433 1686 2649 1733 sumus
2693 1671 2758 1733 et
2802 1668 3008 1752 placet
3061 1669 3262 1748 nobie,

556 1756 795 1822 dictum
841 1758 1326 1824 instrumentum
1372 1755 1693 1833 ratificari,
1741 1757 1805 1821 et
1848 1756 2170 1839 approbari
2233 1754 2432 1820 facere
2499 1774 2610 1839 per
2669 1760 2913 1822 nostras
2973 1757 3266 1840 patentes

555 1844 790 1924 literaS,
839 1847 1003 1912 sicut
1046 1843 1387 1929 requirunt,
1429 1844 1864 1925 promittentes
1909 1842 1988 1908 ad
2051 1841 2472 1909 abundantem
2533 1841 2860 1924 cautelam,
2929 1846 3266 1912 secundum

552 1934 713 2018 quod
758 1934 822 1999 iu
871 1953 978 2000 suo
1025 1935 1291 1999 secundo
1338 1932 1607 2015 capitulo
1653 1932 2019 2009 continetur,
2068 1951 2184 1998 non
2230 1931 2576 2015 iuquietare
2623 1933 2721 1997 vel
2769 1934 3105 1999 molestare
3156 1953 3273 2001 nec

551 2022 878 2106 inquietari
925 2023 1023 2088 vel
1070 2022 1388 2087 molestari
1433 2018 1633 2085 iacere
1678 2019 1916 2085 dictum
1977 2021 2290 2085 dominum
2348 2022 2423 2084 de
2486 2026 2655 2086 statu
2700 2023 2767 2087 et
2811 2021 3104 2087 dominio*
3129 2041 3267 2100 suo,
3331 2027 3340 2038 “

551 2113 709 2194 quod
755 2130 917 2177 nuuc
962 2114 1151 2190 tenet,
1200 2109 1366 2175 ultra
1410 2107 1853 2174 continentiam
1900 2108 2218 2190 pactorum
2263 2107 2702 2192 predictorum,
2750 2112 2942 2178 donec
3000 2109 3114 2175 illa
3159 2130 3271 2177 no-

551 2198 647 2265 bis
692 2199 1047 2278 servaverit,
1097 2199 1169 2264 ut
1211 2198 1493 2281 superius
1537 2197 1636 2261 est
1675 2214 2051 2279 expressum.

761 2303 861 2370 Ad
892 2304 1154 2370 tercium
1183 2303 1249 2368 et
1276 2302 1567 2385 quartum
1597 2301 1934 2382 capitulum
1968 2301 2365 2382 continentia,
2392 2303 2555 2386 quod
2580 2303 2915 2369 debeamus
2940 2303 3267 2369 comittere

549 2395 867 2477 capitaneo
911 2392 1122 2459 nostro
1169 2390 1395 2474 culphy
1461 2390 1732 2473 presenti
1799 2391 1867 2455 et
1933 2389 2176 2469 futuriS,
2248 2390 2408 2473 quod
2455 2390 2678 2457 debeat
2740 2396 3018 2475 prestare
3062 2392 3265 2457 eidem

549 2482 796 2548 domino
837 2479 1097 2564 Georgio
1142 2478 1438 2545 auxilium
1483 2478 1549 2542 et
1592 2477 1865 2543 favorem
1911 2477 1976 2543 in
2022 2478 2388 2562 acquirendo
2432 2480 2571 2545 iura
2617 2480 2693 2545 de
2722 2498 2909 2563 prope
2954 2479 3262 2545 marinam

548 2590 620 2637 ac
665 2569 949 2636 civitates
996 2572 1061 2635 et
1105 2569 1306 2633 castra
1349 2567 1413 2632 in
1455 2565 1585 2631 illis
1631 2566 1911 2649 partibus
1957 2565 2288 2632 existentia
2335 2586 2444 2633 nec
2490 2586 2612 2633 non
2648 2569 2875 2633 turrim
2917 2568 3036 2633 Del
3068 2567 3260 2654 Pirgo

549 2662 615 2726 et
657 2661 788 2737 cet3
859 2694 944 2707 —
1003 2657 1465 2740 respondeatur,
1530 2654 1692 2738 quod
1763 2656 2046 2720 dominus
2091 2653 2391 2739 Georgius
2437 2657 2624 2722 debet
2666 2677 2803 2722 esse
2849 2657 3263 2735 certissimus,

550 2749 707 2833 quod
739 2766 849 2813 nos
883 2764 1165 2812 amamus
1196 2763 1334 2810 eum
1369 2744 1432 2808 et
1462 2744 1699 2807 statum
1733 2761 1915 2809 suum
1956 2744 2311 2810 cordialiter
2340 2745 2660 2828 tamquam
2693 2745 3261 2829 singularissimum

548 2837 816 2902 amicum
861 2835 1162 2912 nostrum,
1212 2834 1299 2898 ita
1344 2829 1505 2915 quod
1553 2831 1779 2910 omnia,
1829 2851 1946 2914 que
1991 2830 2190 2896 facere
2234 2833 2572 2916 poterimus
2619 2852 2760 2899 cum
2790 2835 3019 2900 bonore
3050 2837 3264 2899 nostro

548 2944 656 3008 pro
700 2925 854 2989 bono
899 2925 1102 2988 status
1150 2920 1267 2998 sui,
1314 2924 1378 2985 et
1423 2937 1535 3004 pro
1581 2919 2033 2985 reconciliando
2082 2940 2221 2985 eum
2271 2939 2413 2986 cum
2461 2921 2886 2987 circhavicinis
2932 2922 3066 2987 suis
3112 2922 3263 2987 faci-

549 3031 725 3080 emus
772 3030 1012 3094 semper
1054 3009 1342 3075 alacriter
1386 3010 1450 3072 et
1494 3007 1780 3084 libenter,
1830 3015 1893 3073 et
1940 3010 2029 3073 ita
2082 3008 2312 3074 facient
2380 3009 2682 3092 capitanei
2749 3011 2946 3076 nostri
3012 3010 3263 3096 culphy,

547 3101 771 3186 quibus
815 3100 931 3165 hoc
975 3098 1259 3165 dabimus
1294 3096 1359 3161 in
1406 3095 1734 3162 mandatis.

756 3204 857 3272 Ad
901 3205 1184 3289 quintum
1231 3201 1593 3285 capitulum,
1626 3222 1735 3285 per
1797 3203 1957 3287 quod
2003 3202 2341 3287 requirunt,
2390 3202 2551 3286 quod
2595 3201 2988 3269 removeatur
3032 3202 3098 3268 et
3141 3203 3265 3269 ele-

546 3298 725 3363 vetur
769 3295 852 3360 de
894 3293 1145 3360 civitate
1205 3290 1504 3357 Durachii
1565 3290 1677 3355 illa
1739 3294 2002 3370 moneta,
2067 3310 2184 3374 que
2262 3295 2516 3356 vocatur
2592 3290 2680 3357 ibi
2755 3290 2981 3357 ceracii
3037 3292 3104 3356 et
3170 3290 3266 3357 est

546 3386 896 3449 nostrorum
941 3381 1370 3458 tornesiorum,
1418 3379 1562 3462 quia
1622 3378 1833 3461 spendi
1896 3394 2017 3444 non
2075 3382 2298 3462 potest,
2346 3380 2410 3444 et
2455 3378 2755 3445 redundat
2813 3378 2879 3443 in
2925 3380 3260 3445 maximum

547 3473 839 3537 damnum
886 3470 1077 3534 totius
1137 3467 1590 3534 communitatis
1650 3468 1713 3532 et
1757 3468 1908 3543 cet.;
1974 3503 2048 3513 —
2112 3468 2573 3549 respondeatur,
2637 3465 2797 3550 quod
2852 3484 2966 3531 nos
3010 3485 3265 3552 cognos-

548 3560 757 3626 centes
805 3558 869 3622 et
908 3558 1198 3633 videntes,
1246 3558 1404 3640 quod
1452 3556 1620 3620 dicta
1659 3557 1903 3620 moneta
1953 3556 2243 3620 currebat
2287 3558 2351 3621 et
2410 3555 2825 3638 spendebatur
2866 3553 2931 3618 in
2978 3555 3264 3621 omnibus

546 3647 826 3732 partibus
885 3646 1187 3710 Romanie
1241 3647 1305 3710 et
1358 3646 1421 3709 in
1469 3643 1748 3726 partibus
1795 3644 1881 3708 ibi
1930 3643 2357 3709 circbavicinis
2404 3662 2547 3708 cum
2594 3642 2814 3708 maiori
2860 3644 3114 3708 comodo
3159 3661 3265 3726 po-

546 3736 835 3821 pulorum
899 3751 1083 3817 quam
1151 3732 1345 3798 nostri
1409 3731 1654 3809 soldini,
1723 3731 2227 3813 principiavimus
2304 3731 2455 3796 illuc
2516 3732 2766 3796 mittere
2833 3731 2907 3796 de
2977 3730 3263 3796 tornesiis

546 3821 902 3898 antedictis;
950 3820 1058 3886 sed
1102 3822 1430 3904 postquam
1462 3819 1695 3897 dicunt,
1730 3820 1893 3903 quod
1928 3839 2046 3884 non
2077 3821 2175 3885 est
2204 3820 2292 3885 eis
2339 3819 2530 3885 utilis·
2560 3820 2665 3884 sed
2710 3818 3026 3898 damnosa,
3075 3821 3266 3884 resta·

548 3914 756 3979 bimus
815 3909 891 3976 de
947 3910 1248 3974 mittendo
1292 3907 1560 3991 amplius
1606 3908 1680 3973 de
1750 3909 1916 3973 dicta
1964 3911 2229 3989 moneta,
2295 3907 2441 3992 quia
2493 3907 2796 3973 nollemus
2861 3908 3067 3973 facere
3114 3926 3264 3987 rem,

547 4021 664 4087 que
710 4001 1005 4066 damnosa
1049 4000 1214 4063 esset
1257 3996 1510 4062 eisdem.

757 4104 854 4170 Ad
900 4104 1142 4171 sextum
1188 4101 1533 4185 capitulum
1581 4104 1923 4181 continenS,
1972 4102 2130 4185 quod
2199 4101 2529 4185 dignemur
2592 4103 2738 4166 dare
2800 4100 3135 4167 arbitrium
3203 4102 3266 4165 et

550 4196 916 4279 potestatem
962 4193 1083 4276 ipsi
1128 4191 1377 4257 domino
1424 4192 1718 4257 Durachii
1766 4192 2160 4256 assecuraudi
2206 4190 2610 4268 Albanenses,
2655 4190 2763 4272 qui
2809 4192 2984 4255 stant
3014 4190 3081 4254 iu
3113 4188 3268 4254 Tur-

549 4283 690 4349 chia
734 4285 800 4348 et
842 4281 1077 4347 vellent
1121 4278 1328 4345 venire
1374 4281 1450 4344 ad
1498 4279 1907 4344 habitandum
1963 4279 2024 4344 in
2088 4278 2400 4345 Durachio
2466 4282 2529 4344 et
2590 4276 2879 4343 districtu
2932 4296 3076 4343 cum
3125 4297 3265 4363 per-

482 4420 489 4424 ·
550 4373 718 4437 sonis
764 4371 830 4436 et
872 4370 1045 4435 bonis
1108 4369 1258 4445 suia,
1320 4369 1482 4450 quod
1540 4385 1754 4431 secure
1809 4369 2097 4448 poterunt
2156 4369 2246 4432 ibi
2292 4369 2480 4442 stare,
2527 4367 2594 4432 et
2634 4367 2795 4448 quod
2839 4366 3158 4432 stantibus
3204 4368 3268 4432 et

550 4458 981 4524 habitantibus
1040 4456 1128 4522 ibi
1196 4455 1631 4521 tractabuntur
1698 4474 1809 4537 pro
1880 4458 1950 4519 ut
2009 4458 2361 4521 tractantur
2407 4454 2515 4520 alii
2563 4454 2727 4520 cives
2780 4454 3109 4528 Durachii;
3181 4491 3267 4501 —

548 4546 1005 4629 respondeatur,
1054 4546 1212 4628 quod
1258 4562 1474 4608 sumus
1520 4543 1799 4609 contenti
1859 4546 1924 4608 et
1992 4544 2197 4626 placet
2257 4543 2454 4622 nobis,
2524 4544 2688 4628 quod
2735 4544 2935 4609 dictus
2982 4542 3270 4608 dominus

552 4634 846 4698 Durachii
894 4632 1091 4715 possit
1135 4650 1488 4697 assecurare
1557 4631 1946 4696 Albanenses
2010 4632 2337 4713 predictos,
2408 4632 2512 4715 qui
2574 4632 2784 4698 volent
2850 4650 2915 4697 se
2980 4632 3270 4697 reducere

548 4739 690 4785 cum
734 4722 1012 4801 personis
1060 4722 1125 4784 et
1155 4721 1332 4785 bonis
1379 4720 1509 4784 suis
1558 4721 1724 4784 intra
1767 4720 2089 4784 civitatem
2138 4720 2459 4798 Durachii,
2507 4720 2671 4804 quod
2717 4720 2793 4784 de
2840 4720 3071 4803 quanto
3126 4737 3269 4803 ope-

546 4809 845 4874 rabuntur
891 4810 954 4873 et
996 4808 1152 4873 bene
1193 4809 1426 4874 facient
1453 4827 1597 4873 cum
1628 4809 1861 4873 honore
1893 4809 2093 4874 nostri
2125 4807 2392 4873 dominii
2425 4810 2488 4873 et
2517 4808 2712 4891 ipsius
2742 4808 2976 4873 domini
3009 4806 3268 4893 Georgii
