3620 5282
494 345 625 412 256

493 521 720 587 habere
766 518 1166 599 occasionem,
1224 519 1445 585 bonam
1514 537 1689 603 spem
1750 521 1816 585 et
1880 519 2311 586 firmissimam
2368 519 2818 598 confidentiam,
2880 520 2944 586 et
3009 537 3210 585 remo-

492 629 633 676 vere
705 627 946 674 omnem
1024 607 1463 691 suspicionem,
1541 608 1687 690 quia
1761 610 1994 687 omnia,
2072 628 2188 691 que
2284 608 2622 691 respiciunt
2710 609 3204 684 consolationem,

496 701 721 764 bonum
772 699 837 762 et
880 697 1174 761 honorem
1222 715 1422 775 suum,
1465 714 1680 761 sumus
1728 697 2011 780 dispositi
2055 696 2255 762 facere
2304 698 2458 761 bono
2502 697 2726 776 animo,
2778 697 3041 762 tenendo
3094 714 3203 779 pro

494 784 823 863 constanti,
873 784 1032 867 quod
1075 803 1291 849 snmus
1336 784 1620 867 dispositi
1666 784 1914 850 omnino
1963 803 2079 850 non
2143 786 2378 868 operari
2444 784 2697 867 aliquid,
2758 786 2915 868 quod
2963 787 3047 851 sit
3107 784 3202 849 vel

496 891 630 939 esse
684 874 880 956 possit
912 873 987 937 ad
1017 873 1314 936 damnum
1349 873 1443 937 vel
1476 872 1866 938 incomodum
1901 892 2080 938 suum
2114 873 2240 938 ullo
2275 876 2474 939 modo,
2526 873 2642 939 Sed
2688 877 2937 956 propter
2970 873 3204 956 aliquas

495 960 945 1027 convenientias
978 963 1041 1025 et
1071 960 1468 1026 racionabiles
1495 979 1731 1040 causas,
1764 981 1883 1044 que
1916 961 2369 1027 racionabiliter
2399 963 2488 1026 eis
2513 961 2848 1045 placerent,
2875 963 2928 1026 si
2955 962 3200 1039 scirent,

495 1068 616 1115 non
661 1050 934 1115 videmus
979 1050 1225 1114 abiliter
1270 1051 1344 1114 de
1391 1051 1689 1132 possendo
1736 1069 1847 1133 pro
1886 1051 2065 1115 modo
2135 1051 2282 1115 dare
2344 1049 2467 1115 sibi
2527 1051 3007 1114 determinatum
3074 1067 3203 1113 res-

496 1155 774 1222 ponsum,
824 1137 986 1220 quod
1034 1155 1394 1219 responsum
1442 1140 1721 1203 nostrum
1772 1137 1893 1203 sibi
1932 1139 2217 1206 dabimus
2253 1137 2329 1202 de
2361 1137 2551 1216 brevi,
2588 1138 2749 1220 quod
2781 1138 2901 1202 erit
2941 1138 3201 1219 justum,

494 1225 857 1293 rationabile
919 1225 984 1289 et
1042 1225 1387 1305 honestum,
1451 1229 1516 1292 et
1575 1244 1915 1309 speramuS,
1981 1225 2140 1310 quod
2197 1227 2315 1291 erit
2373 1225 2531 1292 satis
2577 1227 2694 1291 sibi
2743 1225 3048 1308 placibile.
3110 1226 3202 1290 De

496 1318 670 1400 parte
725 1315 821 1379 12.

704 1400 816 1468 Ser
857 1401 1180 1468 Zacharias
1226 1400 1570 1468 Centareno
1618 1403 1882 1485 sapiens.
1930 1400 2103 1482 Quod
2134 1403 2253 1468 iste
2297 1401 2500 1468 fidelis
2534 1401 2789 1467 dominii
2821 1405 2938 1466 etc.
2975 1398 3204 1483 usque*

496 1489 593 1557 Ad
660 1491 895 1556 factum
958 1490 1298 1578 principale
1364 1492 1805 1575 respondeatur
1879 1493 2100 1569 amic0‚
2162 1491 2324 1575 quod
2381 1491 2640 1555 intentio
2700 1490 2898 1555 nostri
2944 1488 3199 1554 dominii

496 1598 736 1661 semper
779 1578 901 1644 fuit
945 1580 1008 1643 et
1049 1584 1146 1644 est
1191 1597 1432 1644 servare
1480 1597 1697 1662 pacem
1744 1581 1987 1645 domino
2032 1580 2162 1662 regi
2207 1580 2271 1644 et
2302 1597 2516 1644 corone
2548 1578 2863 1662 Hungarie
2897 1581 2960 1642 et
2990 1596 3202 1643 omnes

494 1668 883 1734 Dalmatinos
931 1666 1154 1732 habere
1200 1671 1261 1731 et
1307 1669 1517 1733 tenere
1564 1685 1671 1751 pro
1718 1670 1876 1734 caris
1924 1671 1988 1732 et
2032 1668 2204 1733 bonis
2250 1667 2466 1733 amicis
2514 1670 2577 1732 et
2607 1667 2826 1731 vicinis
2858 1666 3103 1744 nostriS,
3140 1668 3203 1730 et

497 1775 611 1822 non
682 1756 879 1821 solum
949 1774 1306 1821 conservare
1374 1774 1516 1821 cum
1586 1758 1674 1820 eis
1741 1755 1931 1821 istam
2000 1756 2359 1832 amicitiam,
2409 1754 2517 1820 sed
2564 1756 2767 1838 potius
2815 1755 2888 1818 de
2939 1755 3094 1819 bono
3140 1754 3202 1817 in

497 1845 719 1910 melius
787 1861 1009 1927 augere
1078 1843 1456 1926 temporibus
1504 1845 1564 1908 in
1612 1843 1861 1921 futuris,
1899 1848 1962 1909 et
2006 1843 2165 1927 quod
2212 1843 2472 1908 reddant
2511 1863 2576 1908 se
2607 1844 3008 1918 certissimos,
3045 1843 3201 1926 quod

497 1951 614 1998 non
661 1932 1043 1998 intendimus
1092 1932 1222 1997 ullo
1270 1950 1543 2014 unquam
1590 1936 1868 2015 tempore
1901 1951 2153 2015 querere
2185 1932 2452 2015 aliquod,
2487 1931 2648 2014 quod
2681 1932 2766 1996 sit
2796 1932 2872 1995 ad
2906 1933 3202 1996 damnum

495 2041 677 2087 suum
726 2019 851 2086 ullo
896 2020 1095 2086 modo.
1188 2020 1272 2084 Et
1332 2020 1409 2085 ad
1472 2021 1823 2086 claritatem
1883 2021 2067 2086 istius
2129 2023 2333 2085 nostre
2387 2021 2542 2084 bone
2610 2020 2992 2092 intentionis,
3046 2017 3205 2101 quod

497 2109 749 2176 videant
792 2110 855 2174 et
901 2108 1271 2186 examinent,
1324 2108 1378 2173 si
1425 2126 1533 2191 per
1595 2127 1700 2174 nos
1761 2111 1972 2192 potest
2039 2108 2274 2193 aliquid
2317 2107 2451 2174 fieri
2497 2126 2606 2190 pro
2648 2108 2802 2172 bono
2853 2110 2918 2172 et
2962 2125 3208 2172 conser-

497 2197 737 2264 vatione
783 2215 915 2275 sua,
964 2201 1027 2262 et
1072 2196 1233 2279 quod
1277 2197 1594 2262 notificent
1639 2196 1838 2277 nobiS,
1883 2198 2027 2281 quia
2073 2197 2389 2262 invenient
2418 2195 2904 2261 dominationem
2933 2200 3208 2260 nostram

496 2286 909 2351 sincerissime
957 2287 1021 2350 et
1065 2286 1299 2368 optime
1345 2285 1709 2368 dispositam
1753 2285 1832 2351 ad
1880 2285 2109 2365 omnia,
2156 2304 2272 2368 qne
2318 2285 2548 2350 faciant
2593 2303 2703 2367 pro
2744 2287 2898 2349 bono
2945 2287 3008 2348 et
3065 2302 3208 2348 con·

498 2374 844 2440 servatione
891 2391 1001 2438 sua
1049 2376 1115 2438 et
1158 2377 1358 2439 status
1405 2375 1502 2438 sui
1548 2376 1787 2439 etcum
1836 2375 2064 2439 honore
2110 2392 2220 2438 suo
2266 2376 2329 2437 et
2361 2378 2602 2447 nostro;
2650 2371 3065 2438 concludendo
3110 2369 3208 2435 illi

496 2464 714 2539 amico,
762 2463 916 2545 quod
965 2462 1189 2527 debeat
1235 2463 1491 2544 probare
1538 2464 1602 2527 et
1645 2463 1955 2545 requirere
1993 2460 2367 2527 confidenter
2392 2461 2879 2526 dominationem
2912 2461 3208 2539 nostram,

497 2552 639 2635 quia
682 2552 844 2616 sicut
886 2549 1010 2615 dici
1055 2550 1318 2615 facimus
1363 2568 1471 2633 per
1515 2552 1721 2629 verba,
1769 2551 1860 2616 ita
1902 2551 2198 2615 videbunt
2257 2549 2421 2616 clare
2472 2551 2537 2614 et
2585 2547 2913 2614 manifeste
2957 2567 3208 2631 operum

497 2659 604 2723 per
650 2640 958 2706 effectum.
1007 2637 1099 2703 De
1146 2640 1323 2721 parte
1382 2638 1655 2704 18—31.
2349 2648 2354 2652 ’

704 2727 815 2794 Ser
882 2727 1253 2793 Benedictus
1300 2728 1662 2812 Superantio
1728 2728 1976 2811 sapiens
2045 2725 2291 2793 volebat
2358 2728 2430 2790 ut
2468 2743 2654 2809 supra
2697 2723 2942 2809 usque*
2990 2726 3207 2809 postea

499 2816 854 2883 declarabat
897 2834 1134 2894 causas,
1183 2819 1434 2899 propter
1479 2835 1634 2899 quas
1680 2816 1833 2882 alias
1884 2815 2262 2899 quesivimus
2302 2813 2495 2897 ligam
2544 2834 2688 2879 cum
2753 2832 2976 2880 corona
3031 2813 3213 2879 Hun-

497 2904 701 2990 garie3
750 2907 815 2970 et
861 2906 1074 2988 postea
1119 2903 1195 2969 ad
1240 2904 1477 2971 factum
1520 2903 1857 2988 principale
1903 2904 2074 2969 dicat
2122 2903 2341 2977 amico,
2391 2904 2548 2985 quod
2590 2903 2930 2967 dominatio
2977 2906 3206 2982 nostra,

500 2993 709 3059 volens
742 2994 1068 3059 observare
1101 3010 1334 3075 pacem,
1368 3011 1677 3077 nunquam
1710 2991 2011 3058 circhavit
2039 2991 2114 3056 de
2146 2991 2421 3056 habendo
2447 2990 2852 3069 Dalmaciam,
2883 2994 2945 3056 et
2966 2992 3208 3073 quando

498 3081 850 3148 attenderet
893 3080 971 3146 ad
1018 3081 1178 3146 tales
1224 3100 1342 3160 ωε,
1376 3100 1495 3147 non
1540 3086 1779 3163 peteret
1826 3082 1951 3144 iam
2000 3079 2076 3145 de
2121 3079 2400 3145 habendo
2430 3078 2605 3144 illam
2641 3079 2760 3144 nisi
2807 3098 2916 3162 per
2953 3079 3207 3144 modum

496 3170 883 3236 recordatum
925 3187 1033 3252 per
1078 3169 1349 3234 amicum
1389 3170 1455 3235 et
1499 3187 1639 3234 cum
1686 3169 1999 3235 voluntate
2054 3168 2354 3234 nobilium
2412 3171 2477 3233 et
2538 3168 2834 3233 bonorum
2879 3167 3206 3231 hominnm

498 3257 737 3338 deinde,
785 3260 850 3322 el·
887 3257 1185 3323 libentius
1232 3276 1372 3322 cum
1421 3259 1734 3323 voluntate
1781 3256 2014 3322 domini
2062 3257 2242 3340 regiS,
2291 3274 2476 3339 quam
2527 3274 2633 3339 per
2690 3255 2961 3338 aliquem
3006 3255 3205 3320 alium

498 3346 771 3412 modum.
817 3346 898 3411 Et
943 3345 1004 3410 in
1039 3345 1426 3411 conclusione
1474 3345 1737 3424 volebat,
1786 3347 1941 3428 quod
1991 3344 2194 3410 fidelis
2240 3343 2518 3422 dominii,
2568 3342 2969 3408 monstrando
3000 3344 3202 3408 dicere

499 3453 537 3500 a
582 3453 669 3513 se,
717 3432 1062 3499 consuleret
1103 3435 1316 3512 amico,
1364 3434 1524 3517 quod
1570 3434 1633 3499 in
1677 3435 1851 3500 curia
1892 3432 2126 3497 domini
2173 3432 2337 3514 regis
2381 3435 2753 3515 procuraret,
2803 3431 2966 3514 quod
2992 3431 3196 3496 dictus

499 3541 606 3588 rex
637 3524 799 3587 esset
823 3523 1167 3602 contentus,
1204 3523 1362 3605 quod
1399 3522 1715 3588 Dalmatia
1746 3524 1911 3587 esset
1942 3522 2004 3585 in
2038 3520 2412 3603 protectione
2444 3522 2509 3585 et
2536 3519 2831 3585 fidelitate
2864 3519 3209 3584 communis

500 3611 920 3691 venetiarum,
969 3612 1335 3676 reservando
1381 3629 1489 3675 sue
1526 3628 1741 3676 corone
1788 3609 2244 3676 iurisdictiones
2290 3608 2579 3692 antiquas
2611 3607 2707 3673 vel
2741 3609 2814 3673 de
2842 3608 3006 3685 aliiS,
3045 3606 3213 3672 sicut

501 3698 812 3767 videretur
854 3698 1083 3765 bonum
1116 3718 1248 3764 esse
1279 3717 1389 3782 pro
1421 3699 1705 3764 omnibus
1735 3699 2040 3782 partibus.
2073 3699 2133 3778 3,
2168 3698 2242 3762 de
2275 3715 2396 3762 non
2435 3697 2535 3777 12,
2567 3715 2683 3762 non
2715 3695 2939 3762 sinceri
2977 3694 3076 3775 14,
3103 3695 3212 3760 23.

587 3807 825 3869 Secreta
869 3804 1046 3869 Cone.
1093 3807 1240 3884 Roq.
1290 3808 1367 3870 R.
1416 3810 1520 3878 33,
1566 3826 1607 3867 u
1650 3808 1810 3868 mlet.
1854 3807 2088 3868 arkivu.

711 3997 1252 4084 GOCLXVII.
1309 3997 1516 4081 God.
1573 3998 1801 4082 1388.
1856 3996 1957 4080 26
2012 3996 2459 4097 kolovoza‚
2515 4018 2576 4081 u
2610 3995 3003 4080 Mletcih.

709 4174 1075 4242 Conceditur
1121 4174 1568 4241 mercatoribus
1628 4173 1704 4238 de
1765 4174 2042 4256 partibus
2107 4173 2484 4252 sclavoniae,
2543 4172 2915 4240 habentibus
2976 4172 3210 4239 multas

501 4265 881 4347 quantitates
931 4265 1237 4330 ballarum
1288 4280 1622 4346 pannorum
1683 4280 1790 4345 pro
1851 4265 2127 4345 ponendo
2194 4264 2258 4328 in
2305 4261 2584 4347 partibus
2651 4260 2973 4327 Sclavenie
3019 4280 3212 4344 usque

500 4352 864 4435 Ragusium,
911 4354 1071 4434 quod
1119 4350 1358 4434 patroni
1403 4350 1722 4434 galearum
1783 4351 2084 4435 recipiant
2144 4352 2338 4416 dictas
2394 4349 2592 4416 ballas
2655 4351 2720 4415 et
2763 4349 3011 4433 portent
3041 4349 3205 4429 illas,

500 4438 791 4504 solvendo
837 4441 1078 4504 dacium
1124 4440 1290 4506 sicut
1334 4438 1388 4504 si
1427 4440 1804 4505 caricassent
1848 4458 2029 4521 super
2075 4439 2319 4523 navigio
2366 4438 2724 4503 disarmat0.

590 4563 770 4623 Misti
818 4563 954 4625 XL.
1007 4567 1150 4637 129,
1197 4584 1238 4626 u
1275 4562 1434 4627 mlet.
1484 4567 1716 4627 arkivu.
