3620 5282
2907 316 3050 401 ‘17

303 515 588 581 nuntium
651 515 1058 580 exhibitorem
1110 514 1408 596 presentis
1471 515 1720 578 centum
1780 515 2044 579 florenos
2103 531 2216 597 pro
2263 512 2543 595 expensis
2592 510 2782 576 vestri
2828 512 3036 593 gratia

312 605 736 668 transmittere
800 602 1025 666 velitis
1076 603 1334 684 Insuper
1375 604 1695 683 sexaginta
1742 602 2021 680 florenoS,
2072 620 2227 684 quos
2262 600 2447 665 michi
2497 617 2606 683 per
2650 617 2860 662 meum
2895 617 3051 662 nun-

312 691 474 756 tium
521 710 718 772 nuper
779 690 856 754 ad
904 709 1010 755 vos
1056 690 1313 754 missum
1364 691 1548 753 michi
1607 690 2065 769 transmisistiS,
2115 691 2358 754 eosdem
2420 686 2741 768 sexaginta
2785 685 3047 749 florenos

313 798 504 860 usque
551 779 627 842 ad
677 778 975 842 ducentos
1038 777 1300 843 florenos
1351 778 1540 841 michi
1604 778 1993 859 compleatiS,
2068 780 2157 842 ita
2214 782 2448 851 tamen,
2498 775 2657 858 quod
2702 773 3044 856 predictam

313 868 643 949 pecuniam
690 885 826 930 meo
872 866 999 929 filio
1047 866 1308 949 Georgio
1354 868 1461 930 aut
1509 884 1616 929 suo
1667 866 2045 947 procuratori
2095 865 2192 930 vel
2241 865 2426 929 latori
2469 862 2852 946 presentium
2900 878 3043 925 aco·

317 955 558 1017 modare
608 955 797 1018 vestri
848 955 1051 1036 gratia
1098 955 1396 1018 debeatis,
1449 954 1683 1016 Datum
1732 953 1885 1017 feria
1930 954 2200 1018 secunda
2249 957 2390 1037 post
2438 952 2670 1016 festum
2717 950 3039 1071 beatorum

317 1041 574 1105 Fabiani
621 1046 685 1107 et
731 1040 1101 1119 Sebastiam,
1139 1061 1297 1106 anno
1345 1042 1580 1105 domini
1626 1040 1976 1106 MCCCLX.

413 1128 961 1193 Commemoralium
1013 1133 1113 1191 VI.
1163 1136 1266 1193 90.
1316 1152 1358 1191 u
1403 1132 1561 1191 mlet.
1610 1133 1849 1191 arkivu.

766 1272 1046 1388 xm'l.
1102 1304 1309 1387 eon.
1367 1304 1599 1387 1360.
1656 1306 1701 1386 1
1754 1303 2113 1407 neema,
2169 1329 2227 1387 u
2282 1308 2611 1389 xninu.

324 1414 548 1472 Nikola
592 1416 738 1475 knez
784 1416 1057 1473 hrvatski
1100 1415 1250 1487 saljez
1292 1431 1470 1487 svoya
1531 1415 1855 1473 kancelara
1917 1415 2197 1474 Mar-tina
2243 1434 2286 1474 u
2336 1417 2576 1486 Mletke,
2625 1414 2779 1474 neka
2823 1433 2884 1474 se
2931 1408 3054 1468 tuli

319 1502 460 1560 radi
498 1502 692 1572 sloede,
753 1504 882 1573 kaie
936 1504 1238 1577 svaydano
1302 1502 1574 1560 mletackc’
1623 1504 1917 1574 potianus·
1977 1505 2266 1577 m'eyovim
2324 1521 2566 1575 muoso,
2591 1505 2639 1581 ‘i
2683 1506 2763 1564 da
2822 1498 3056 1575 nakupi

1182 1589 1381 1664 oruije
1425 1592 1450 1649 i
1497 1591 1683 1665 clncqo
1731 1591 1820 1650 sto
1866 1609 1966 1649 mu
2015 1592 2194 1651 creba.

533 1690 692 1770 Quia
749 1694 812 1758 iu
878 1694 1156 1775 partibus
1218 1692 1541 1757 Dalmacie
1606 1693 1785 1774 plura
1849 1713 1953 1775 per
2016 1696 2320 1758 vestratos
2381 1694 2730 1760 inseruntur
2787 1698 3052 1778 dampna

327 1781 390 1843 et
446 1778 687 1859 iniurie,
762 1801 972 1865 ymmo
1021 1786 1083 1845 et
1130 1784 1274 1845 sunt
1337 1781 1567 1858 illacte,
1613 1782 1743 1845 ideo
1790 1782 1864 1845 ad
1915 1784 2182 1845 vestram
2234 1781 2755 1865 magnificentiam
2809 1803 3056 1851 venera-

330 1866 522 1930 bilem
570 1870 888 1934 dominum
954 1869 1297 1934 Martinam
1362 1872 1641 1933 nostrum
1704 1869 2146 1933 cancellarium
2194 1871 2539 1953 dirigimus„
2604 1874 2879 1953 petentes
2948 1893 3053 1939 vos

323 1954 562 2032 obnixe,
627 1958 928 2039 quatenus
991 1959 1186 2021 eidem
1253 1958 1314 2019 in
1363 1957 1714 2056 exponendo
1764 1958 1828 2020 et
1897 1956 2152 2021 dicendo
2200 1960 2466 2040 dampna
2528 1959 2805 2041 prefacta
2862 1958 3053 2026 fidem

322 2043 636 2109 credulam
682 2045 1034 2127 impendere
1098 2044 1347 2118 velitis3
1412 2048 1474 2109 et
1520 2045 1664 2127 quia
1730 2047 1919 2109 etiam
2007 2046 2081 2108 de
2130 2064 2316 2127 regno
2365 2045 2594 2110 domini
2641 2047 2835 2112 nostri
2885 2048 3051 2131 regis

327 2130 497 2195 nullo
551 2132 915 2216 interposito
963 2133 1407 2215 impedimento
1454 2136 1674 2196 cuncta
1721 2133 1796 2196 ad
1849 2134 2120 2197 vestram
2165 2133 2360 2197 libere
2407 2136 2469 2198 et
2511 2152 2722 2199 secure
2771 2135 3054 2200 deferun-

327 2219 430 2282 tur
475 2220 814 2298 civitatem,
862 2223 1132 2304 petimus
1178 2239 1249 2285 eo
1287 2220 1484 2295 modo,
1536 2223 1608 2284 ut
1654 2220 1818 2284 idem
1865 2225 2070 2286 noster
2115 2220 2521 2285 cancellarius
2569 2240 2744 2285 arma
2792 2226 2855 2287 ot
2898 2222 3052 2288 alias

327 2325 427 2370 res
466 2310 654 2390 queat
692 2311 756 2372 et
798 2310 994 2391 possit
1037 2329 1146 2391 pro
1207 2309 1381 2373 nobis
1444 2326 1797 2389 comperare
1860 2314 2066 2373 vestra
2114 2308 2369 2373 licentia
2427 2307 2760 2389 mediante,
2811 2313 2873 2375 et
2919 2311 3054 2394 pla-

324 2400 462 2457 ceat
507 2397 708 2459 vestre
754 2396 1215 2477 magnificencie
1265 2397 1327 2459 in
1374 2395 1655 2460 omuibus
1703 2395 1844 2460 aliis
1892 2396 2168 2461 dicendis
2202 2398 2443 2460 credere
2491 2398 2816 2481 tranquam
2855 2399 3051 2464 uobis,

326 2481 558 2546 Datum
604 2482 830 2566 Tininy
876 2485 1027 2549 feria
1073 2488 1297 2567 quarta
1346 2485 1404 2548 iu
1462 2482 1620 2547 festo
1669 2482 2160 2548 circumcisionis
2204 2484 2463 2549 domini.

532 2568 828 2635 Nicolaus
878 2574 950 2636 de
998 2572 1155 2636 Zech
1201 2590 1531 2654 regnorum
1579 2569 1829 2634 Croacie
1877 2575 1941 2636 et
1980 2572 2297 2636 Dalmacie
2348 2573 2564 2637 banus.

534 2659 628 2743 (Iz
680 2657 866 2745 vana)
923 2661 1180 2726 Excelso
1243 2663 1306 2723 et
1366 2659 1692 2741 magnifico
1752 2661 1883 2724 viro
1945 2661 2188 2724 domino
2234 2660 2512 2725 ‚Iohanne
2563 2662 2889 2746 Delphyno
2951 2663 3051 2728 dei

242 2795 259 2810 κ
326 2744 529 2826 gratia
573 2746 790 2811 inclito
837 2747 982 2813 duci
1028 2747 1452 2813 Veneciarum.
1501 2748 1710 2811 Bauus
1760 2747 2077 2812 Dalmacie
2123 2766 2228 2829 pro
2276 2749 2522 2812 damnis
2571 2749 2791 2815 illatis.

418 2832 576 2895 Clas
631 2837 807 2897 XIV.
862 2838 996 2899 Ood.
1051 2839 1193 2909 Lat,
1235 2838 1483 2897 LXXI.
1532 2855 1594 2896 n.
1643 2840 1745 2910 35,
1793 2856 1837 2898 u
1883 2839 2194 2898 Marciani
2240 2857 2279 2897 u
2321 2839 2587 2900 Mletcih.

757 3009 1073 3091 XLIu.
1133 3008 1340 3091 God.
1395 3010 1628 3093 1360.
1683 3011 1781 3091 16
1821 3007 2173 3110 siecnja,
2226 3032 2287 3091 u
2342 3009 2633 3111 sensu.

326 3133 632 3208 Bizjeinik
690 3136 917 3196 Bartul
989 3137 1165 3196 Ursio
1226 3131 1535 3209 izvies'c'uje
1594 3156 1626 3197 o
1686 3155 1846 3197 svom
1894 3138 2186 3212 doyovoru
2248 3154 2320 3196 sa
2379 3138 2590 3196 banom
2635 3138 2962 3200 krvatskim
3012 3160 3055 3201 u

903 3224 1110 3283 Zadru
1156 3225 1180 3282 i
1221 3224 1524 3294 wKninu
1570 3243 1602 3284 o
1637 3227 1859 3298 Javnih
1905 3227 2136 3286 tekucih
2171 3226 2461 3299 poslovih.

538 3326 1068 3391 Excellentissime
1115 3326 1359 3390 domine
1406 3328 1513 3391 mi.
1565 3327 1684 3390 Per
1730 3347 1899 3393 meas
1949 3329 2189 3392 litteras
2235 3327 2413 3393 datas
2462 3328 2651 3393 Jadre
2703 3329 2798 3394 die
2845 3331 3054 3396 XXIV

327 3416 563 3481 mensis
624 3413 972 3479 decembris
1034 3415 1317 3497 preteriti
1374 3416 1695 3478 serenitati
1749 3420 1950 3480 vestre
2015 3416 2319 3492 intimavi,
2385 3417 2655 3497 qualiter
2703 3419 2848 3482 tunc
2895 3422 3056 3484 tem-

327 3504 494 3586 poris
521 3505 593 3567 de
618 3502 892 3584 negociis
918 3503 1104 3566 michi
1131 3503 1482 3566 commissis
1513 3504 1599 3566 nil
1624 3502 1794 3566 aliud
1822 3505 2086 3568 scribere
2116 3508 2390 3586 poteram
2417 3505 2529 3568 nisi
2557 3506 2714 3586 quod
2740 3505 2816 3569 ad
2849 3507 3056 3590 requi-

325 3594 619 3656 sicionem
643 3590 877 3654 domini
905 3591 1085 3653 banni
1114 3609 1232 3654 non
1261 3590 1493 3654 vallens
1518 3591 1684 3654 aliud
1712 3591 1931 3668 facere,
1951 3591 2183 3655 fixeram
2213 3594 2273 3655 iu
2299 3610 2407 3655 suo
2434 3592 2689 3658 consilio
2728 3593 2941 3659 diebus
2967 3596 3054 3659 IV

328 3698 469 3743 cum
500 3680 635 3761 ipso
679 3677 890 3755 Jadre,
942 3678 1046 3741 ubi
1079 3681 1255 3742 erant
1300 3677 1417 3741 XV
1464 3677 1796 3742 Jadrenses
1845 3681 2006 3743 inter
2053 3682 2318 3743 rectores
2366 3684 2430 3744 et
2470 3680 2645 3758 alios,
2688 3682 2794 3763 qui
2841 3685 3056 3747 contra

325 3786 425 3831 me
487 3768 685 3832 multa
744 3768 810 3830 et
871 3767 1110 3832 infinita
1172 3768 1454 3830 dixerant
1513 3769 1577 3830 et
1636 3768 2058 3850 allegaverant
2112 3787 2297 3852 super
2343 3768 2753 3850 peticionibus
2799 3789 2907 3852 per
2953 3789 3054 3836 me

328 3855 511 3920 factis
559 3874 594 3920 a
639 3855 804 3920 dicto
866 3854 1112 3919 domino
1157 3855 1379 3934 banno,
1431 3856 1494 3917 et
1531 3873 1644 3936 ego
1693 3875 1832 3919 cum
1880 3857 2046 3921 omni
2092 3858 2396 3921 modestia
2458 3858 2916 3922 substinueram
2961 3877 3056 3922 se·

326 3943 600 4007 cundum
644 3962 847 4007 meam
908 3962 1163 4026 parvam
1224 3942 1664 4008 discrecionem
1720 3944 2007 4008 honorem
2073 3948 2136 4009 et
2173 3943 2270 4008 ius
2331 3948 2606 4010 vestrum
2645 3946 2708 4008 in
2754 3947 3054 4028 quantum

325 4033 665 4115 potueram,
707 4032 854 4096 licet
895 4032 1295 4114 predixissem
1345 4033 1508 4096 dicto
1556 4030 1801 4096 domiuo
1867 4034 2060 4097 banno
2107 4033 2471 4098 multociens
2519 4053 2618 4098 me
2652 4051 2771 4097 non
2807 4035 3053 4098 venisse

321 4121 403 4184 ad
450 4119 785 4185 Jadrenses
830 4140 941 4185 nec
988 4139 1128 4185 cum
1173 4120 1262 4183 eis
1311 4119 1373 4182 in
1419 4120 1541 4183 ista
1604 4124 1778 4201 parte
1842 4123 2075 4204 aliquid
2138 4140 2318 4204 agere
2383 4122 2707 4199 habedam,
2757 4140 2900 4185 nam
2948 4120 3056 4187 do-

318 4208 527 4272 miuus
588 4227 694 4272 rex
753 4209 866 4272 soli
914 4208 1162 4272 domiuo
1209 4207 1368 4272 bano
1421 4206 1731 4272 scribebat
1774 4211 1838 4272 et
1895 4211 2241 4286 mandabat,
2309 4212 2517 4275 tamen
2583 4211 2654 4273 de
2699 4209 2832 4274 eius
2881 4227 3056 4274 man-

318 4295 465 4361 dato
531 4316 629 4359 me
687 4297 1049 4377 opportebat
1109 4299 1201 4361 sic
1260 4297 1479 4373 facere,
1530 4297 1674 4376 quia
1729 4297 1992 4376 dicebat,
2042 4298 2203 4380 qu'od
2257 4297 2331 4361 de
2380 4297 2521 4375 hiis,
2580 4315 2693 4379 que
2742 4297 3051 4380 petebam,

319 4383 665 4466 tangebant
723 4383 1077 4462 Jadrenses,
1127 4385 1321 4448 eciam
1385 4383 1527 4465 quia
1585 4385 1721 4447 erat
1783 4403 1986 4449 comes
2055 4385 2243 4450 Jadre
2306 4384 2684 4465 opportebat,
2742 4386 2904 4467 quod
2967 4385 3055 4449 sic

317 4473 565 4535 omnino
628 4472 812 4535 esset.
876 4471 1073 4555 Super
1132 4472 1358 4554 quibus
1405 4470 1691 4536 omnibus
1744 4472 2002 4552 dixerat,
2067 4473 2225 4555 quod
2285 4472 2470 4534 michi
2532 4470 2708 4535 daret
2754 4491 2897 4536 suas
2959 4492 3055 4536 re-

313 4560 692 4641 sponsiones
745 4558 856 4624 Set
912 4561 1053 4643 quia
1116 4560 1530 4641 possessiones
1588 4578 1688 4622 ser
1736 4560 1967 4623 Marini
2012 4561 2087 4623 de
2144 4559 2447 4624 Canaruto
2491 4561 2668 4622 erant
2727 4561 2901 4624 extra
2960 4560 3053 4624 di·

308 4647 600 4712 strictum
638 4646 845 4726 Jadre,
881 4650 1263 4729 opportebat,
1304 4647 1464 4730 quod
1491 4646 1620 4727 ipse
1653 4648 1909 4712 haberet
1950 4646 2271 4711 consilium
2311 4665 2451 4709 cum
2486 4643 2744 4725 SclaviS,
2788 4650 2850 4709 et
2889 4645 3050 4728 quod
3133 4685 3138 4696 -

301 4734 723 4799 instrumenta
768 4752 1019 4799 suarum
1067 4735 1521 4817 possessionum
1568 4754 1813 4799 mecum
1860 4735 2016 4799 ferre
2064 4735 2348 4799 deberem
2394 4732 2685 4798 Tininum
2733 4735 2809 4797 ad
2861 4750 3037 4807 eum3

406 4853 590 4904 sroru.
637 4855 722 4904 1v.
2593 4837 2635 4902 2
