3620 5282
3029 403 3157 471 217

428 581 612 647 natus
655 599 760 662 per
805 598 916 645 nos
960 582 1038 646 ad
1084 582 1291 662 partes
1336 580 1653 662 Hungarie
1699 599 1806 662 pro
1854 581 2119 664 negotiis
2196 581 2390 646 nostri
2463 580 2825 659 communis,
2875 582 2980 664 qui
3021 583 3153 645 ala-

432 669 617 732 criter
663 669 728 732 et
791 668 946 733 bono
1007 669 1186 732 corde
1245 668 1360 731 ivit
1418 668 1493 732 ad
1542 668 1863 733 servitium
1929 673 2230 746 nostrum,
2281 671 2347 733 et
2385 668 2649 733 redeudo
2697 668 3157 733 Venetias'fuit

431 757 643 836 captus
691 774 797 837 per
836 759 1054 839 gentes
1099 754 1388 832 Voivode,
1438 758 1503 818 et
1546 756 1708 818 sicut
1752 756 2053 820 habemus
2094 760 2189 819 est
2237 757 2296 819 in
2345 754 2528 819 fortia
2574 758 2638 821 et
2684 755 2967 820 manibus
3003 758 3153 819 suis.

431 842 512 907 Et
552 842 697 925 quia
741 843 891 907 facit
923 861 1030 923 pro
1072 842 1299 907 honore
1343 842 1538 906 nostri
1584 842 1843 906 dominii
1887 859 2213 924 procurare
2260 843 2701 908 relaxationem
2733 845 2797 906 et
2838 842 3155 906 liberatio-

366 971 369 972 ν
431 929 571 992 nem
619 929 770 994 dicti
817 929 1231 1007 civis-nostri,
1279 930 1731 993 committimus
1781 930 1897 993 tibi
1929 950 2037 1011 per
2071 948 2176 993 nos
2220 933 2282 994 et
2324 932 2602 994 nostrum
2650 929 3004 1010 collegium,
3042 932 3152 994 ba-

431 1017 645 1081 bentes
692 1017 769 1080 ad
815 1017 927 1082 hoc
970 1018 1394 1098 plenissimam
1441 1017 1817 1089 libertatem,
1865 1016 2025 1098 quod
2074 1036 2214 1080 cum
2262 1017 2488 1081 nostris
2519 1017 2721 1082 literis
2754 1013 3145 1082 credulitatis

433 1104 520 1167 ire
566 1103 787 1169 debeas
825 1103 900 1168 ad
960 1104 1363 1202 magnificum
1421 1103 1737 1167 dominum
1800 1103 2139 1168 Voivodam
2205 1103 2568 1184 predictum,
2619 1104 2715 1169 cui
2763 1104 2932 1168 facta
2978 1105 3151 1168 salu-

428 1190 658 1254 tatione
706 1210 847 1256 cum
896 1192 1095 1256 verbis
1143 1190 1371 1254 amoris
1417 1193 1480 1254 et
1526 1190 1897 1267 dilectionis,
1977 1191 2142 1255 sicut
2186 1191 2471 1256 convenit
2516 1210 2625 1274 pro
2672 1192 2901 1256 honore
2949 1192 3149 1255 nostri

386 1315 391 1320 »
429 1276 705 1354 dominii,
754 1296 1045 1378 exponere
1091 1277 1331 1354 debeas,
1375 1277 1537 1377 quod
1586 1278 1661 1341 de
1708 1295 1854 1342 casu
1903 1278 2175 1360 predicto
2208 1295 2456 1342 occurso
2503 1277 2567 1342 in
2591 1296 2913 1361 personam
2949 1280 3144 1342 nostri

430 1364 657 1429 nobilis
703 1367 766 1428 et
806 1365 959 1429 civis
1000 1365 1262 1447 predicti
1326 1365 1672 1446 recepimus
1736 1364 2070 1429 maximam
2115 1363 2572 1446 displicentiam
2622 1367 2686 1428 et
2731 1365 3152 1429 turbationem

433 1453 496 1516 in
544 1453 856 1516 mentibus
903 1454 1150 1529 nostris,
1209 1451 1614 1527 considerato,
1678 1452 1840 1533 quod
1900 1453 2104 1533 ipsum
2152 1452 2351 1516 civem
2410 1454 2691 1516 nostrum
2742 1452 3154 1516 mittebamus

440 1540 641 1604 solum
689 1558 798 1621 pro
844 1538 1026 1603 factis
1073 1540 1269 1603 nostri
1316 1539 1662 1603 communis
1708 1541 1773 1603 et
1822 1557 1936 1602 non
1987 1543 2059 1602 ad
2107 1538 2444 1620 dampnum
2491 1538 2591 1602 vel
2639 1538 2963 1602 sinistrum
3039 1540 3152 1602 ali·

435 1626 611 1691 cuius
652 1626 889 1690 domini
919 1625 1012 1691 vel
1050 1644 1319 1708 persone,
1362 1626 1560 1690 dando
1608 1624 1682 1690 ad
1732 1626 2205 1709 intelligendum
2257 1626 2375 1707 ipsi
2426 1625 2695 1701 voivode,
2732 1626 2893 1707 quod
2925 1626 3156 1689 firmis-

438 1712 595 1778 sime
643 1714 1026 1791 tenebamus,
1074 1714 1275 1794 ipsum
1300 1715 1495 1776 civem
1523 1716 1803 1777 nostrum
1850 1715 1916 1777 et
1956 1713 2274 1798 quodlibet
2317 1713 2471 1777 alios
2529 1715 2768 1777 nostros
2807 1713 2980 1777 'cives
3015 1731 3153 1777 esse

429 1801 522 1864 ita
566 1818 812 1864 securos
860 1818 897 1864 a
943 1801 1217 1882 predicto
1262 1800 1514 1865 voivoda
1562 1803 1626 1864 et
1668 1800 1958 1882 gentibus
2005 1801 2134 1864 suis
2182 1801 2245 1863 in
2293 1799 2460 1864 omni
2521 1803 2694 1883 parte
2739 1802 2902 1865 sicut
2949 1802 3156 1864 essent

436 1887 499 1950 in
547 1889 761 1952 nostra
810 1888 1053 1970 propria
1100 1888 1354 1952 civitate
1403 1887 1826 1964 Venetiarum,
1876 1889 1940 1952 et
1980 1889 2094 1953 hoc
2138 1887 2523 1952 considerato
2593 1906 2802 1953 amore
2844 1889 2910 1951 et
2954 1887 3155 1951 since-

433 1975 680 2040 rissima
727 1975 1071 2053 dilectione,
1120 1995 1237 2058 que
1281 1993 1523 2057 semper
1570 1975 1768 2056 viguit
1835 1976 1900 2038 et
1943 1993 2083 2039 cum
2117 1973 2215 2038 dei
2247 1975 2451 2056 gratia
2495 1975 2733 2057 vigebit
2780 1976 2942 2038 inter
2974 1993 3152 2038 suam

432 2062 956 2145 magnificentiam
1004 2064 1068 2127 et
1113 2081 1221 2125 nos
1268 2067 1331 2126 et
1374 2081 1700 2126 commune
1747 2065 2047 2141 nostrum,
2094 2065 2157 2125 et
2201 2064 2524 2144 propterea
2570 2080 2865 2145 rogamus
2911 2062 3151 2143 magni-

430 2150 744 2215 ficentiam
792 2168 991 2225 suam,
1017 2151 1317 2231 quatenus
1365 2148 1559 2213 nostri
1604 2149 1835 2213 amoris
1885 2148 2146 2213 instuitu
2194 2149 2436 2231 placeat
2466 2148 2672 2229 ipsum
2706 2168 2803 2213 ser
2849 2148 3154 2214 Jacobum

431 2236 683 2316 Quirino
731 2254 873 2316 cum
919 2236 1171 2301 famulis
1222 2236 1285 2300 et
1329 2237 1510 2301 rebus
1542 2237 1672 2300 suis
1703 2236 1893 2300 libere
1927 2237 2200 2301 relaxare
2249 2241 2313 2300 et
2357 2237 2688 2301 restituere
2735 2255 2842 2300 sue
2890 2236 3150 2318 pristine

435 2323 729 2402 libertati,
779 2323 940 2387 sicut
984 2323 1060 2386 de
1107 2341 1217 2387 sua
1263 2323 1583 2388 nobilitate
1627 2325 1692 2387 et
1736 2322 2163 2406 magnitudine
2228 2323 2405 2405 plene
2458 2343 2798 2406 speramuS,
2853 2323 3010 2405 quod
3083 2324 3157 2386 li-

430 2411 530 2474 cet
594 2411 678 2474 sit
748 2410 978 2475 iustum
1025 2412 1088 2475 et
1131 2411 1515 2487 conveniens,
1568 2411 1773 2474 tamen
1824 2412 2250 2492 reputabimus
2297 2410 2471 2474 nobis
2505 2415 2568 2474 et
2599 2411 2907 2475 communi
2945 2413 3151 2474 nostro

431 2496 507 2561 ad
554 2496 880 2561 servicium
929 2500 991 2562 et
1015 2497 1524 2579 complacentiam
1559 2497 1912 2579 specialem.
1948 2497 2201 2577 Quando
2249 2516 2389 2562 vero
2437 2517 2555 2562 non
2595 2497 2901 2562 relaxaret
2949 2499 3150 2580 ipsum

427 2602 526 2648 ser
570 2583 872 2650 Jacobum
941 2584 1214 2665 Quirino,
1283 2584 1637 2668 displiceret
1681 2588 1744 2650 et
1788 2589 2076 2669 gravaret
2139 2604 2266 2662 nos,
2332 2586 2493 2651 sicut
2554 2587 2773 2650 merito
2844 2587 3047 2668 potest
3094 2590 3155 2649 et

425 2670 623 2747 debet,
674 2673 899 2737 utendo
944 2673 1065 2738 hiis
1110 2676 1174 2737 et
1219 2673 1360 2737 aliis
1423 2674 1761 2737 rationibus
1797 2676 1862 2737 et
1898 2674 2118 2749 verbis,
2167 2694 2283 2756 que
2308 2675 2423 2738 tibi
2471 2674 2861 2747 videbuntur,
2903 2693 3010 2754 pro
3044 2674 3154 2737 ob-

427 2761 675 2825 tinendo
724 2759 1154 2826 liberationem
1206 2764 1270 2824 et
1314 2761 1756 2825 relaxationem
1792 2763 1988 2825 nostri
2037 2762 2191 2825 civis
2224 2761 2501 2841 predicti.
2533 2761 2747 2825 Factis
2782 2779 2920 2824 vero
2959 2764 3154 2823 omni-

426 2847 539 2911 bus
588 2847 980 2930 experientiis
1026 2847 1443 2930 possibilibus,
1491 2849 1542 2911 si
1592 2866 1710 2911 non
1760 2866 1972 2930 posses
2019 2848 2297 2912 obtinere
2344 2867 2378 2911 a
2424 2848 2586 2911 dicto
2630 2848 2884 2912 voivoda
2934 2847 3159 2911 libera-

431 2936 662 2999 tionem
709 2938 772 2999 et
814 2935 1255 3000 relaxationem
1291 2954 1390 2999 ser
1420 2934 1640 3000 Jacobi
1675 2934 1929 3013 Quirino
1970 2935 2250 3017 predicti,
2297 2939 2444 2999 tunc
2489 2953 2626 2999 cum
2678 2935 2904 2999 nostris
2953 2934 3157 2998 literis

426 3023 806 3086 credulitatis
855 3024 942 3087 ire
989 3024 1211 3087 debeas
1273 3021 1349 3086 ad
1424 3023 1807 3104 presenciam
1881 3023 2174 3105 reginalis
2241 3023 2586 3087 maiestatis
2655 3022 2994 3104 Hungarie,
3046 3022 3155 3085 cui

429 3108 595 3172 facta
638 3111 982 3174 reverentia
1027 3114 1107 3179 et,
1137 3109 1511 3174 salutatione
1559 3109 1723 3173 sicut
1755 3110 2061 3185 convenit,
2109 3128 2410 3192 exponere
2452 3112 2516 3174 et
2563 3128 2885 3192 procurare
2929 3110 3156 3173 debeas

434 3197 508 3259 ut
554 3213 741 3276 supra
784 3195 1136 3261 libertatem
1185 3200 1250 3262 et
1295 3196 1742 3262 relaxacionem
1792 3197 1985 3260 nostri
2033 3197 2184 3260 civis
2232 3197 2492 3278 predicti
2524 3217 2662 3262 cum
2699 3197 2983 3263 omnibus
3019 3196 3149 3259 illis

433 3282 783 3347 rationibus
830 3286 893 3345 et
941 3284 1163 3361 verbiS,
1213 3304 1327 3367 que
1366 3284 1481 3348 tibi
1542 3283 1719 3347 utilia
1788 3284 2180 3360 videbuntur,
2249 3285 2339 3347 ita
2401 3284 2560 3366 quod
2633 3285 2995 3347 restituatur
3044 3302 3152 3346 sue

441 3370 639 3452 prime
685 3368 981 3447 libertati,
1030 3371 1191 3434 sicut
1237 3370 1311 3433 de
1361 3370 1660 3435 fidelitate
1705 3373 1814 3435 tua
1860 3372 2037 3451 plene
2084 3372 2449 3436 confidimus
2497 3374 2559 3434 et
2599 3390 2934 3453 speramus.

516 3477 706 3537 Liber
748 3480 1101 3536 secretorum
1147 3478 1371 3551 colleyii
1418 3481 1519 3547 95,
1560 3496 1602 3536 α
1648 3480 1803 3539 mlet.
1855 3479 2090 3540 arkivu.

877 3627 1226 3710 ccclx.
1280 3630 1487 3712 God.
1541 3630 1764 3714 1385.
1820 3632 2146 3731 srpmaeu
2201 3653 2261 3711 u
2314 3631 2706 3713 Mletcih.

429 3758 591 3846 Sacje
634 3790 697 3832 se
739 3773 935 3844 iqy'nik
972 3773 1014 3830 k
1062 3772 1366 3844 uqarskim
1403 3774 1778 3843 poslanikom
1827 3773 2043 3831 iducim
2090 3774 2231 3832 kroz
2292 3774 2570 3831 mletaelee
2616 3773 2817 3845 zemljce
2865 3792 2906 3831 u
2953 3776 3151 3831 Fran-

421 3862 632 3931 cuzku,
682 3861 763 3919 da
810 3860 1034 3919 dovedu
1080 3877 1124 3917 u
1182 3859 1458 3933 Uyarsku
1504 3860 1848 3931 Ljudevita,
1914 3861 2086 3918 brata
2129 3860 2536 3933 francuzkoya
2566 3862 2787 3932 kraha,
2834 3861 3155 3933 odredjena

1107 3964 1182 4005 za
1226 3963 1497 4019 supruya
1542 3948 1772 4020 Maride
1812 3965 2019 4021 uyare
1991 3948 2150 4006 -·}2›v.
2200 3948 2468 4019 kralja‘oe.

633 4065 966 4130 Guilelme.
995 4065 1352 4148 Recipimus
1378 4065 1556 4130 hodie
1581 4085 1618 4131 a
1650 4068 1983 4148 magnifico
2029 4065 2275 4130 domino
2310 4066 2574 4147 Georgio
2600 4067 2825 4130 comite
2858 4065 3154 4129 Corbavie

426 4153 771 4219 consiliario
839 4152 1013 4235 regie
1081 4154 1426 4217 maiestatis
1494 4154 1814 4236 Ilungarie
1865 4155 2106 4217 litteras
2154 4155 2333 4217 datas
2380 4155 2609 4234 Brigne
2658 4153 2934 4216 XXVIII
2981 4151 3155 4225 iunii,

422 4255 529 4319 per
576 4258 746 4320 quas,
815 4242 979 4305 sicut
1026 4240 1262 4305 videbis
1315 4260 1421 4320 per
1471 4242 1744 4306 tenorem
1813 4261 2025 4305 earum
2100 4243 2259 4304 iuter
2328 4242 2730 4322 descriptum,
2783 4239 3154 4321 significavit

423 4325 615 4401 nobie,
664 4328 822 4407 quod
870 4328 1266 4392 serenissima
1310 4327 1560 4391 domina
1606 4328 1809 4391 Maria
1859 4329 2176 4409 Hungarie
2225 4329 2435 4411 regina
2468 4329 2708 4408 accepit
2754 4329 2810 4389 iu
2862 4326 3156 4390 maritum

418 4412 728 4477 illustrem
754 4414 1069 4478 dominum
1113 4415 1487 4479 Ludovicum
1524 4416 1777 4479 fratrem
1804 4418 2180 4480 serenissimi
2211 4416 2443 4478 domini
2473 4416 2634 4497 regis
2674 4415 2949 4479 Francia.
2979 4413 3155 4478 Unde

418 4501 548 4582 ipse
581 4501 864 4565 dominus
888 4501 1188 4582 Georgius
1215 4506 1278 4567 et
1299 4503 1419 4566 duo
1453 4503 1559 4567 alii
1589 4503 1823 4569 vadunt
1865 4505 2290 4566 ambaxatores
2327 4504 2401 4567 ad
2430 4501 2890 4567 conducendum
2942 4502 3014 4563 ad
3067 4520 3155 4562 re-

412 4605 602 4670 gnum
628 4589 946 4670 Hungarie
972 4589 1348 4670 prelibatum
1395 4590 1713 4654 dominum
1753 4590 2150 4654 Ludovicum.
2185 4589 2382 4668 Quare
2430 4589 2882 4653 committimus
2916 4588 3049 4661 tibi,
3092 4591 3161 4650 ut

417 4676 603 4739 vadas
650 4674 948 4752 Paduam,
991 4678 1054 4739 et
1101 4676 1152 4741 si
1201 4681 1380 4741 erunt
1427 4677 1534 4753 ibi,
1584 4695 1950 4759 compareas
2026 4674 2239 4739 dextro
2304 4675 2484 4739 modo
2532 4693 2737 4739 coram
2787 4674 2999 4738 eodem
3049 4676 3154 4737 do·

419 4762 585 4825 mino
632 4761 1088 4845 Georgio-cum
1150 4762 1381 4829 litteris
1424 4764 1652 4831 nostris
1700 4762 2109 4839 credulitatiS,
2161 4763 2304 4853 quia
2346 4764 2475 4853 ipse
2522 4761 2688 4826 solus
2738 4762 2916 4825 nobis
2963 4761 3157 4849 scrip-
