3620 5282
506 331 630 397 186

703 510 935 573 Datum
1006 508 1070 572 in
1138 512 1346 573 nostro
1416 508 1616 572 ducali
1693 508 1921 588 palatio
1969 526 2125 574 anno
2175 508 2482 573 dominice
2547 507 2984 575 incarnationis
3027 510 3231 575 mille-

493 597 649 661 simo
698 595 847 661 CCC
896 597 1418 680 quinquagesimO,
1469 596 1569 659 die
1615 596 1793 660 XXV
1843 598 2071 660 mensis
2123 598 2330 675 madii,
2383 596 2478 661 ΙΙΙ
2524 597 2901 662 indictionis,

585 686 1153 747 Commemorialium
1194 687 1310 746 IV.
1361 688 1505 756 175,
1553 704 1595 744 u
1642 688 1857 745 arkivu
1897 688 2253 746 mletackom.

813 876 1246 961 CCLXlll.
1314 874 1521 958 God.
1577 874 1812 958 1350.
1867 875 1968 959 25
2023 878 2390 980 svibnja,
2445 901 2505 959 u
2564 877 2917 960 PadovI.

492 1005 768 1064 Poklisar
789 1008 1082 1079 pap-inska·
1124 1007 1291 1065 bodri
1335 1003 1657 1081 uffan-hri).
1705 1005 1924 1077 Ιεναζφά,
1973 1007 2170 1065 deoida
2211 1005 2573 1079 mletac'lcoya
2618 1006 2641 1062 i
2684 1006 2905 1065 mestre:
2951 1008 3097 1065 reda
3127 1008 3224 1080 jo-

491 1095 860 1169 vanitskoqa,
908 1097 1060 1154 nelca
1082 1164 1091 1171 .
1112 1096 1370 1154 zabranc
1414 1098 1439 1154 i
1472 1090 1600 1168 pod
1633 1096 1993 1168 prietnjom,
2042 1096 2163 1154 lead
2214 1095 2270 1153 bi
2339 1094 2661 1162 trebovalo,
2708 1094 3015 1152 srbskomu
3060 1114 3226 1164 caru,

1180 1182 1482 1243 k-rsbavati
1527 1186 1801 1245 naeinam
1846 1185 2080 1244 crkvom
2124 1182 2550 1255 zabram‘enim.

703 1301 897 1368 Guido
947 1303 1339 1368 miseratione
1385 1304 1593 1369 divina
1628 1305 1796 1369 tituli
1847 1307 2059 1368 sancte
2085 1303 2311 1369 Cecilie
2343 1304 2650 1385 presbiter
2680 1302 3029 1381 cardinalis,
3079 1322 3225 1384 apo-

494 1390 711 1453 stolice
760 1391 923 1454 sedis
977 1391 1233 1475 legatuS,
1285 1392 1513 1457 illustri
1562 1393 1824 1476 principi
1873 1392 2120 1457 domino
2187 1392 2319 1475 regi
2381 1390 2700 1473 Hungarie
2763 1391 2825 1453 et
2871 1390 3115 1455 dilectis
3164 1392 3221 1455 in

492 1478 722 1541 christo
769 1477 910 1542 duci
958 1479 1384 1558 veneciarum,
1432 1499 1502 1544 ac
1554 1481 1851 1564 magistro
1912 1480 2240 1562 hospitalis
2302 1478 2501 1544 sancti
2559 1478 2864 1543 Johannis
2927 1478 3224 1544 Jerosoli-

499 1566 716 1629 mitani
764 1566 1026 1631 salutem
1074 1569 1137 1632 et
1182 1568 1483 1632 sinceram
1534 1568 1597 1632 in
1645 1570 1888 1632 domino
1938 1569 2289 1633 karitatem.
2349 1565 2503 1631 Cum
2548 1570 2729 1649 prout
2775 1565 3223 1648 fidediguorum

410 1714 417 1721 ι
494 1652 789 1717 relatione
838 1655 1217 1736 percepimus
1268 1656 1639 1738 Stephanus,
1689 1657 1793 1738 qui
1843 1677 1906 1720 se
1953 1675 2228 1721 cesarem
2268 1675 2375 1719 seu
2425 1674 2633 1738 regem
2683 1654 2877 1717 Raxie
2925 1654 3075 1718 facit
3122 1674 3222 1719 co-

493 1741 762 1805 muniter
808 1743 1129 1819 nominari,
1181 1744 1502 1808 nonnullos
1551 1745 1920 1808 christianos
1966 1746 2025 1807 iu
2090 1744 2221 1808 eius
2284 1761 2469 1825 regno
2533 1741 2889 1806 habitantes
2947 1763 3054 1825 per
3102 1743 3222 1807 vim

495 1832 558 1892 et
603 1828 964 1893 violenciam
1014 1830 1087 1895 ad
1139 1831 1270 1895 eius
1319 1831 1641 1914 perfidiam
1687 1836 1748 1895 et
1797 1832 2232 1895 infidelitatem
2281 1831 2509 1906 trahat,
2563 1830 2847 1913 ipsosque
2903 1834 3105 1912 preter
3164 1832 3264 1895 et.

382 1988 387 1991 Α
496 1917 707 1981 contra
754 1916 1014 1981 formam
1064 1919 1320 1983 eeclesie
1357 1918 1545 1984 faciat
1591 1919 1853 1984 batizari
1901 1921 1964 1984 in
2011 1920 2346 1984 christiane
2395 1918 2538 1982 fidei
2601 1936 2719 1981 nou
2768 1918 3073 1981 modicum
3121 1918 3226 1981 de-

502 2005 887 2082 trimentum,
937 2007 1466 2086 magnificenciam
1517 2010 1783 2072 vestram
1838 2009 2240 2090 requirimus,
2307 2004 2601 2088 rogamus
2664 2008 2728 2069 et
2789 2006 3109 2070 hortamur
3155 2007 3218 2070 in

490 2092 737 2155 domino
784 2093 935 2157 ⁷Iesu
985 2093 1253 2173 Christ0,
1304 2098 1603 2176 quatenus
1652 2095 1852 2159 eidem
1900 2097 2278 2173 christianiS,
2322 2094 2590 2159 efficacis
2650 2093 3037 2158 deffensionis
3087 2112 3223 2176 pre·

490 2180 646 2244 sidio
694 2181 1043 2260 asistente8‚
1098 2182 1260 2263 ipsos
1309 2201 1426 2246 non
1475 2183 1858 2264 permittatis
1924 2184 1999 2247 ad
2052 2184 2163 2246 hoc
2226 2202 2336 2265 per⁴
2393 2201 2603 2263 regem
2667 2181 3015 2263 predictum
3063 2182 3226 2246 trahi

491 2268 694 2349 aliquo
745 2269 925 2333 modo
973 2288 1083 2334 seu
1126 2269 1352 2347 induci,
1405 2271 1550 2353 quin
1578 2271 1703 2335 imo
1750 2290 1958 2350 regern
1992 2272 2196 2353 ipsum
2236 2290 2345 2352 per
2378 2273 2614 2335 vestras
2640 2268 2937 2351 speciales
2979 2269 3224 2334 litteras

490 2355 803 2419 inducatis
853 2358 917 2420 et
962 2358 1380 2436 cominatorie,
1432 2359 1481 2421 si
1533 2358 1701 2423 vobis
1751 2378 1999 2423 necesse
2049 2358 2392 2434 videbitur,
2458 2358 2822 2440 requiratiS,
2889 2360 2958 2421 ut
3005 2377 3042 2421 a
3091 2376 3224 2438 pre-

492 2443 656 2506 facto
705 2462 907 2509 errore
954 2444 1234 2521 desistat,
1279 2448 1342 2509 et
1387 2446 1661 2528 predicta
1712 2466 1819 2511 seu
1868 2447 2101 2511 similia
2154 2447 2416 2510 ulterius
2469 2446 2671 2509 facere
2717 2463 2836 2507 non
2885 2447 3221 2527 presumat.

491 2531 721 2594 Datum
771 2531 977 2596 Padue
1023 2534 1215 2598 tercio
1259 2533 1416 2617 ydus
1466 2533 1633 2612 maii,
1687 2534 2081 2617 pontificatus
2128 2534 2363 2598 domini
2389 2531 2727 2597 Clementis
2763 2551 2917 2613 pape
2945 2533 3030 2597 VI
3063 2550 3223 2597 anno

489 2621 724 2684 octavo.
775 2620 1023 2704 (1350).

581 2708 1149 2771 Commemorialium
1193 2713 1231 2770 1
1245 2713 1308 2772 V.
1357 2716 1500 2783 176,
1547 2732 1589 2773 u
1637 2715 1786 2774 mlet.
1834 2716 2068 2776 arkivu.

791 2881 1221 2966 CCLXIV.
1296 2885 1504 2967 Gon.
1562 2886 1790 2970 1350.
1849 2886 1952 2969 28
2007 2887 2379 2988 svibnja‚
2430 2908 2490 2966 u
2547 2883 2938 2967 Mletcih.

623 3009 844 3069 Miesto
877 3011 1213 3083 providum
1242 3029 1317 3071 za
1350 3012 1712 3086 Dalmaciju,
1760 3014 1860 3086 koj
1898 3030 1959 3072 se
2003 3014 2291 3081 zahvaZiO,
2341 3015 2647 3071 imenovan
2681 3012 2874 3085 jedan
2919 3013 3110 3086 druyi.

710 3129 896 3193 1350.
946 3130 1044 3194 die
1091 3131 1365 3195 XXVIII
1415 3134 1579 3196 maii.
1632 3132 1882 3196 Electus
1953 3133 2230 3215 provisor
2291 3133 2367 3197 ad
2434 3134 2639 3215 partes
2688 3130 3001 3198 Sclavonie
3050 3135 3222 3209 (loco)

492 3235 588 3281 ser
620 3216 720 3282 Jo.
755 3236 853 3281 ser
897 3217 1117 3283 Jacobi
1162 3217 1473 3297 Ceruario,
1523 3220 1624 3301 qui
1653 3218 1980 3298 refutavit,
2031 3240 2129 3285 ser
2175 3220 2459 3285 Gazanus
2485 3220 2803 3296 Marcello,
2850 3220 3079 3303 plezius
3127 3238 3224 3282 ser

493 3305 773 3369 Marinus
821 3304 1104 3371 Venerio.

577 3396 756 3454 Misti
807 3395 938 3454 XX
947 3397 1048 3456 VI.
1096 3399 1201 3467 27,
1238 3415 1281 3456 u
1326 3399 1540 3456 arkivu
1585 3399 1945 3459 mletaclcom.

827 3583 1207 3668 CCLXV.
1261 3587 1468 3669 God.
1523 3586 1752 3671 1350.
1806 3587 1911 3670 28
1966 3588 2331 3691 svibnja,
2386 3611 2446 3669 u
2503 3588 2891 3671 Mletcih.

496 3713 632 3773 Pise
671 3730 733 3773 se
773 3714 1013 3787 kraljici
1056 3716 1340 3788 uyarskoj
1381 3716 1403 3773 i
1448 3715 1680 3787 vojvodi
1724 3714 2053 3789 Stjepanu‚
2113 3718 2267 3775 nelca
2311 3717 2664 3776 nadoknade
2708 3717 2850 3776 stete
2894 3716 3226 3774 mletackim

1285 3803 1651 3876 podanikom
1698 3804 1773 3862 od
1816 3804 2080 3877 njikovih
2126 3805 2416 3877 ucim'ene.

710 3924 896 3988 1350.
946 3923 1045 3988 die
1095 3923 1176 3986 28
1222 3922 1392 3999 maii,
1441 3924 1631 3987 tercie
1676 3923 2049 3988 indictionis.
2121 3921 2295 4000 Quod
2364 3924 2673 3989 scribatur
2720 3923 2968 3988 domine
3014 3924 3222 4008 regine

488 4011 809 4093 Hungarie
858 4012 920 4074 in
967 4011 1166 4075 forma
1216 4009 1629 4092 infrascripta.
1679 4010 1914 4094 Capta:
1965 4011 2326 4094 optabamus
2375 4013 2590 4094 regina
2612 4011 2897 4089 illustris,
2949 4014 3019 4077 ut
3051 4012 3223 4077 iuxta

488 4099 931 4163 continentiam
977 4098 1327 4162 litterarum
1380 4100 1721 4164 vestrarum
1769 4101 1834 4164 et
1879 4098 2221 4164 illustrium
2269 4101 2553 4164 natorum
2599 4101 2966 4177 vestrorum,
3018 4099 3216 4183 pridie

489 4186 666 4249 nobis
718 4187 1068 4262 missarum,
1120 4187 1277 4251 foret
1321 4186 1387 4250 in
1431 4187 1732 4268 promisso
1779 4188 2046 4251 termino
2110 4186 2186 4251 de
2253 4186 2511 4252 emenda
2571 4188 2936 4251 damnorum
2996 4187 3219 4252 nostris

493 4272 778 4336 fidelibus
828 4274 916 4337 sic
962 4272 1295 4354 provisum,
1345 4274 1552 4355 sicque
1600 4294 1671 4338 ex
1727 4277 1902 4357 parte
1962 4274 2153 4338 vestri
2218 4277 2619 4356 treuguarum
2688 4274 3069 4340 continentia
3113 4275 3222 4340 ob-

489 4361 756 4436 servata,
804 4360 963 4442 quod
1011 4379 1132 4425 non
1180 4361 1401 4425 fuisset
1449 4362 1620 4426 vobis
1669 4364 1767 4428 vel
1813 4362 1990 4427 nobis
2031 4362 2287 4445 proinde
2336 4363 2594 4427 ulterius
2666 4362 3089 4427 laborandum.
3139 4362 3222 4427 Et

488 4445 632 4526 quia
677 4447 974 4512 maiestas
1025 4452 1228 4513 vestra
1289 4450 1785 4531 prorogationem
1853 4449 2293 4514 satisfactionis
2356 4450 2550 4532 ipsius
2595 4470 2704 4532 per
2764 4468 2908 4514 suas
2970 4450 3220 4515 litteras

490 4533 729 4597 noviter
776 4535 1050 4615 quesisse
1090 4535 1349 4613 videtur,
1399 4556 1539 4600 cum
1588 4557 1676 4616 ea,
1725 4557 1845 4621 qua
1892 4539 2065 4602 decet
2112 4538 2452 4602 reverentia
2517 4537 2993 4620 respondemus,
3057 4537 3219 4621 quod

489 4640 561 4684 ex
607 4622 783 4702 parte
830 4623 1040 4687 nostra
1079 4622 1227 4687 data
1274 4625 1371 4688 est
1417 4626 1481 4689 et
1525 4623 1659 4689 dari
1707 4627 2065 4708 proponitur
2106 4625 2169 4689 in
2207 4624 2483 4690 futurum
2531 4626 2731 4690 omnis
2778 4627 3055 4701 occasio,
3106 4644 3217 4709 per

489 4726 672 4791 quam
716 4707 878 4772 inter
924 4727 1050 4790 v08,
1099 4710 1521 4776 serenissimos
1569 4716 1748 4778 natos
1796 4718 2033 4778 vestros
2080 4715 2142 4776 et
2189 4714 2470 4778 nostrum
2516 4731 2861 4792 commune,
2912 4713 3075 4778 sicut
3104 4731 3213 4778 no-
