3620 5282
3095 341 3219 406 179

496 512 820 593 utramque
883 515 1162 593 partem,
1227 513 1386 592 quod
1447 512 1787 594 prelibatus
1849 504 2133 578 dominus
2184 531 2389 578 comes
2422 511 2768 578 Sabbaudie
2828 515 2905 580 de
2951 517 3215 584 termino

494 598 657 662 dicte
717 599 1114 681 prestationis
1176 600 1373 663 fiende
1437 602 1645 681 posset
1700 602 1975 664 statuere
2039 603 2200 665 sicut
2245 601 2430 666 velet.
2491 599 2607 680 Qui
2671 601 2953 668 domiuus
3005 623 3215 671 comes

495 687 717 749 statuit
761 690 823 749 et
870 687 1198 763 ordinavit,
1248 687 1407 769 quod
1454 686 1622 751 dicta
1664 688 1889 752 solutio
1934 688 2118 769 primi
2166 689 2309 752 anni
2357 689 2530 752 fieret
2579 690 2637 752 in
2674 689 2831 766 festo
2867 691 3215 758 nativitatis

495 774 728 838 domini
779 775 1047 854 proxime
1097 773 1211 837 sub
1260 776 1458 838 modis
1504 778 1568 837 et
1621 774 1839 838 formis
1886 777 2190 840 contentis
2232 777 2293 839 in
2344 776 2612 857 capitulo
2658 777 2825 841 dicte
2874 778 3215 845 solutionis.

497 861 566 924 Id
617 861 778 924 circo
822 862 1092 942 prefatus
1141 863 1571 925 serenissimus
1617 862 1903 926 dominus
1948 882 2053 927 rex
2110 880 2220 944 pro
2281 883 2346 927 se
2409 865 2471 928 et
2519 864 2842 928 maiestate
2888 883 2998 929 sua
3047 869 3217 951 regia

496 951 561 1012 et
606 950 1031 1013 succesoribus
1078 949 1205 1012 suis
1253 952 1317 1013 et
1382 952 1598 1031 sponte
1645 952 1709 1013 et
1767 953 1936 1015 certa
1991 951 2256 1014 sciencia
2317 949 2436 1013 fuit
2496 952 2845 1030 confessus,
2894 954 3218 1020 contentus

494 1037 555 1098 et
601 1036 1002 1113 manifestae,
1052 1055 1117 1100 se
1163 1038 1228 1100 et
1272 1037 1501 1101 dictam
1536 1037 1928 1101 maiestatem
1970 1055 2145 1101 suam
2184 1037 2476 1101 habuisse
2522 1040 2586 1102 et
2634 1040 2936 1122 recepisse
2979 1041 3044 1105 et
3090 1062 3219 1108 ma-

494 1123 716 1205 gnifico
763 1123 951 1188 militi
999 1123 1248 1188 domino
1306 1123 1566 1188 Nicolao
1628 1124 1865 1189 Tambo
1912 1124 2293 1188 thesaurario
2354 1127 2418 1187 et
2473 1126 2695 1189 nuncio
2742 1144 2853 1191 suo
2897 1127 3074 1206 data,
3125 1148 3216 1196 so-

498 1211 632 1274 luta
678 1213 743 1276 et
791 1214 1117 1275 numerata
1162 1209 1401 1294 integre
1447 1212 1637 1275 fuisse
1685 1214 1922 1294 septem
1986 1211 2189 1277 millia
2247 1211 2613 1276 ducatorum
2676 1214 2817 1278 boni
2864 1217 2997 1280 auri
3044 1219 3108 1281 et
3154 1218 3217 1281 in

496 1315 644 1362 auro
706 1302 769 1361 et
827 1300 964 1363 boni
1025 1301 1090 1362 et
1150 1299 1297 1362 iusti
1355 1298 1641 1380 ponderis
1701 1317 1739 1361 a
1800 1298 2113 1363 nobilibus
2173 1304 2236 1363 et
2295 1298 2675 1380 sapientibus
2737 1303 2886 1365 viris
2948 1302 3214 1369 dominis

495 1386 810 1449 Leonardo
858 1387 1141 1450 Dandulo
1186 1390 1248 1448 et
1289 1386 1554 1450 Fantino
1608 1384 1874 1468 Georgio
1921 1387 2263 1463 militibus,
2313 1387 2867 1465 ambaxiatoribus,
2917 1391 3210 1473 syndicus,

493 1473 982 1552 procuratoribus
1017 1476 1079 1537 et
1131 1474 1338 1538 nuncii
1363 1473 1620 1556 spresati
1661 1474 1892 1539 domini
1943 1473 2116 1538 ducis
2163 1476 2227 1537 et
2266 1473 2613 1538 communis
2649 1475 3046 1541 Venetiarum
3071 1527 3087 1557 ,
3135 1481 3210 1544 ad

490 1561 600 1623 hec
647 1562 711 1624 et
757 1560 880 1625 alia
926 1562 1256 1625 exercenda
1325 1561 1673 1642 specialiter
1740 1561 2135 1633 constitutis,
2180 1565 2252 1625 ut
2304 1564 2549 1625 constat
2609 1561 3021 1628 instrumento
3069 1586 3216 1649 syn-

491 1647 731 1712 dicatus
781 1667 991 1713 eorum
1036 1649 1264 1728 scripto
1312 1666 1496 1712 manu
1530 1648 1827 1713 Leonardi
1869 1649 1943 1712 de
1990 1648 2302 1711 Anzolelis
2333 1648 2639 1731 imperiali
2687 1651 3058 1716 auctoritate
3107 1672 3212 1716 no-

494 1735 673 1799 tariis
720 1737 785 1799 et
826 1736 1086 1800 ducatus
1134 1736 1533 1801 Venetiarum
1582 1735 1780 1800 scribe
1828 1735 2266 1817 suprascriptis
2311 1753 2486 1814 anne,
2545 1736 2871 1815 indicione,
2921 1738 3020 1803 die
3066 1740 3211 1805 lune

490 1822 755 1904 septimo
803 1825 1029 1886 mensis
1076 1823 1364 1900 octobriS,
1412 1823 1499 1887 ibi
1543 1841 1579 1886 a
1624 1843 1722 1887 me
1763 1823 2006 1888 notario
2045 1822 2437 1905 infrascripto
2488 1823 2618 1888 viso
2664 1827 2729 1888 et
2779 1823 2957 1904 lecto,
3008 1828 3209 1892 danti-

491 1910 626 1987 bus,
675 1909 1057 1975 solventibus
1100 1911 1164 1975 et
1206 1911 1671 1974 numerantibus
1718 1910 2062 1994 syndicario
2121 1913 2186 1974 et
2244 1911 2660 1993 procuratorio
2707 1912 2951 1975 nomine
2995 1931 3210 1995 supra-

487 1998 716 2079 scripto
748 1999 811 2061 et
851 1997 927 2060 de
952 2000 1196 2079 propria
1243 1999 1500 2080 pecunia
1539 1997 1803 2080 predicti
1827 1997 2172 2061 communis
2203 1997 2605 2063 Venetiarnm
2649 2018 2756 2081 pro
2800 1999 3001 2081 primo
3047 2019 3205 2066 anno

488 2084 816 2149 solutionis
864 2087 1155 2168 predicte,
1205 2085 1585 2167 completuro
1631 2086 1693 2150 in
1741 2084 1900 2149 festo
1962 2085 2125 2150 santi
2186 2085 2349 2167 regis
2412 2085 2709 2167 Stephani
2759 2089 3058 2169 vigesima
3103 2089 3204 2155 die

489 2173 738 2254 augusti
784 2174 926 2237 anni
987 2173 1218 2236 domini
1281 2172 1598 2237 millesimi
1666 2172 2088 2237 trecentesimi
2151 2174 2552 2255 octuagesimi
2616 2176 2864 2238 secundi
2927 2177 3203 2256 proxime

489 2261 751 2336 venturi,
801 2259 1165 2325 renuntians
1211 2259 1343 2342 ipse
1385 2260 1671 2329 dominus
1718 2279 1820 2323 rex
1868 2260 2206 2341 exceptioni
2238 2277 2355 2323 non
2400 2255 2768 2338 habitorum,
2817 2268 3202 2344 receptorum

489 2350 552 2411 et
598 2351 1056 2412 numeratorum
1125 2365 1196 2410 ac
1242 2348 1704 2429 designatorum
1752 2348 2312 2428 suprascriptorum
2358 2350 2593 2429 septem
2642 2348 2910 2414 millium
2952 2351 3203 2416 ducato-

486 2454 627 2497 rum
674 2436 738 2498 et
783 2436 913 2516 spei
960 2435 1166 2499 future
1200 2436 1642 2499 numerationis
1688 2438 1753 2500 et
1775 2434 2115 2516 exceptioni
2154 2435 2302 2513 doli,
2345 2434 2497 2499 mali
2544 2436 2694 2500 etin
2720 2435 2976 2501 sactum.
3026 2436 3205 2503 Unde

488 2521 764 2602 prefatus
811 2521 1242 2587 serenissimus
1288 2522 1575 2586 dominus
1626 2540 1727 2586 rex
1776 2541 1882 2603 pro
1929 2541 1995 2586 se
2041 2524 2104 2585 et
2149 2522 2610 2588 successoribus
2655 2523 2783 2587 suis
2830 2526 3202 2606 supradictis

485 2609 750 2674 dominis
792 2609 1311 2675 ambaxiatoribus
1344 2611 1408 2674 et
1430 2608 1684 2674 sindicis
1719 2608 2004 2692 prelibati
2037 2609 2270 2675 domini
2293 2608 2467 2675 ducis
2514 2613 2577 2676 et
2622 2614 2963 2676 communis
3010 2613 3207 2679 Vene-

487 2699 762 2776 ciarum,
811 2697 1252 2780 recipientibus
1300 2698 1648 2763 nominibus
1695 2698 1919 2779 quibus
1967 2712 2185 2780 supra,
2249 2716 2357 2781 per
2411 2696 2807 2779 Aquilianam
2854 2700 3205 2784 stipulatio-

488 2804 627 2848 nem
694 2787 1118 2867 precedentem
1186 2788 1248 2847 et
1294 2785 1827 2867 acceptilationem
1907 2785 2219 2867 legittime
2285 2785 2727 2860 substitutam,
2794 2785 2939 2851 fecit
3000 2789 3206 2869 finem,

490 2872 951 2947 remissionem,
1002 2874 1442 2955 quietationem
1507 2878 1570 2935 et
1628 2877 1880 2955 pactum
1944 2873 2020 2935 de
2076 2873 2336 2937 ulterius
2394 2890 2516 2937 non
2562 2874 2825 2955 petendo
2872 2875 2946 2938 de
2995 2895 3208 2957 supra·

488 2959 740 3041 scriptis
786 2963 1023 3043 septem
1072 2959 1350 3023 millibus
1396 2961 1656 3040 ducati8‚
1706 2965 1769 3023 et
1807 2960 1884 3023 de
1931 2960 2097 3024 omni
2146 2978 2216 3023 eo
2266 2960 2330 3023 et
2377 2961 2541 3039 toto,
2590 2961 2744 3041 quod
2795 2962 3031 3042 prefata
3076 2983 3207 3029 ma-

487 3047 677 3110 iestas
723 3046 1044 3129 Hungarie
1091 3050 1299 3129 petere
1343 3048 1533 3111 vellet
1574 3066 1683 3112 seu
1717 3049 1924 3129 posset
1969 3065 2154 3111 causa
2199 3055 2263 3110 et
2308 3047 2625 3111 occasione
2659 3048 2985 3112 solutionis
3021 3052 3204 3132 primi

486 3134 650 3197 anni.
700 3133 897 3211 Quam
944 3134 1194 3215 quidem
1229 3135 1767 3213 conmutationem,
1819 3136 2001 3198 finem
2049 3136 2113 3199 et
2142 3134 2570 3199 remissionem
2618 3136 2682 3198 et
2726 3137 2934 3200 omnia
2979 3141 3043 3202 et
3085 3140 3206 3203 sin-

486 3221 634 3301 gula
681 3224 1101 3304 suprascripta
1146 3222 1484 3304 prelibatus
1530 3222 1817 3286 dominus
1873 3241 1973 3285 rex
2020 3241 2129 3304 pro
2175 3240 2241 3285 se
2287 3225 2352 3286 et
2396 3222 2853 3286 successoribus
2898 3226 3027 3289 suis
3069 3245 3210 3308 pro·

485 3309 657 3371 misit
702 3310 1133 3391 suprascriptis
1177 3307 1446 3392 syndicis
1469 3311 1534 3373 et
1556 3310 2050 3392 procuratoribus
2083 3307 2235 3373 dicti
2269 3309 2498 3373 domini
2540 3308 2711 3373 ducis
2759 3313 2822 3373 et
2862 3316 3208 3379 communis

490 3395 917 3475 Venetiarum‚
966 3396 1409 3478 stipulantibus
1457 3398 1521 3460 et
1567 3397 2005 3478 recipientibus
2052 3398 2402 3460 nominibus
2446 3398 2668 3478 quibus
2733 3416 2955 3481 supra,
3002 3402 3209 3466 atten-

493 3485 634 3547 dere
682 3486 743 3546 et
790 3482 1112 3547 observare
1160 3485 1225 3546 et
1283 3502 1400 3547 non
1448 3484 1863 3549 contrafacere
1911 3485 2007 3548 vel
2070 3484 2274 3548 venire
2318 3484 2529 3565 aliqua
2574 3486 2807 3549 ratione
2854 3488 2949 3550 vel
2997 3507 3201 3563 causa,

485 3570 560 3633 de
617 3572 749 3634 iure
798 3571 894 3634 vel
945 3571 1017 3633 de
1065 3572 1247 3648 facto,
1296 3571 1411 3634 sub
1453 3590 1612 3653 pena
1657 3572 1828 3653 dupli
1876 3572 2057 3635 danni
2102 3574 2167 3635 et
2213 3572 2507 3636 interesse
2538 3575 2602 3633 et
2633 3572 2748 3636 sub
2794 3574 3207 3659 obbligatione

490 3658 788 3722 bonorum
855 3659 1022 3739 regie
1069 3657 1416 3721 maiestatis
1477 3659 1796 3742 Hungarie
1854 3658 2178 3723 mobilium
2241 3660 2306 3723 et
2365 3658 2781 3723 immobilium
2829 3664 3205 3743 presentium

482 3748 547 3809 et
593 3745 964 3809 futurorum.
1013 3745 1242 3809 Actum
1290 3746 1354 3808 in
1399 3746 1724 3829 Dyosgeur
1765 3748 1827 3810 in
1871 3748 2065 3827 regali
2099 3748 2304 3809 castro
2350 3747 2411 3809 in
2458 3764 2700 3809 camera
2731 3766 2912 3828 penes
2958 3752 3202 3831 stupam

483 3850 757 3912 parvam,
807 3832 1199 3915 presentibus
1250 3834 1707 3898 venerabilibus
1755 3834 1904 3900 viris
1949 3834 2216 3897 dominis
2261 3832 2523 3915 Georgio
2572 3831 2892 3911 Bosneusi,
2948 3836 3205 3901 Nicolao

485 3918 884 4001 Cbagmensi,
933 3921 1336 3984 ecclesiarum
1384 3922 1731 4003 prepositiS‚
1780 3920 2126 4002 magnificis
2175 3922 2321 3984 viris
2361 3920 2622 3984 dominis
2657 3921 2918 4003 Georgio
2952 3922 3203 3988 Bubech

482 4009 782 4088 magistro
851 4007 1299 4071 tavernicorum
1364 4008 1767 4090 reginalium,
1828 4009 2107 4072 Emerico
2178 4007 2425 4071 Bubech
2493 4026 2815 4089 regnorum
2880 4009 3200 4077 Dalmacie

481 4096 548 4155 et
596 4093 846 4159 Croacie
896 4094 1113 4173 banno,
1162 4097 1226 4158 et
1270 4094 1414 4158 aliis
1459 4095 1739 4176 pluribus
1786 4095 1863 4158 ad
1912 4095 2211 4177 premissa
2257 4094 2490 4158 vocatis
2538 4096 2603 4158 et
2653 4096 2902 4176 rogatis.

692 4182 822 4264 Ego
868 4180 1187 4245 Galvanus
1235 4182 1544 4265 quondam
1593 4201 1691 4245 ser
1738 4183 2153 4246 Bartholomei
2203 4182 2276 4244 de
2309 4178 2730 4259 Castrobaldo,
2778 4183 2931 4248 civis
2980 4184 3208 4264 padua-

484 4285 618 4344 nus,
672 4269 958 4349 publicus
1005 4274 1068 4333 et
1115 4270 1421 4351 imperiali
1464 4270 1831 4333 auctoritate
1866 4271 2139 4333 notarius
2178 4271 2241 4332 et
2286 4269 2464 4332 index
2510 4268 2849 4333 ordinarius
2898 4271 3205 4355 ipsiusque.

482 4353 718 4418 domini
769 4356 1036 4438 episcopi
1086 4356 1483 4421 ecclesiarum
1532 4358 1813 4439 Quinque
1861 4357 2081 4435 scriba,
2135 4356 2450 4437 premissis
2496 4355 2780 4418 omnibus
2828 4356 3097 4430 interfui,
3143 4362 3209 4424 et

481 4440 618 4522 ipsa
670 4462 774 4524 per
826 4444 1136 4524 prefatum
1185 4445 1502 4507 dominum
1571 4462 1774 4526 regem
1826 4444 2155 4526 requisitus
2219 4442 2484 4507 fideliter
2529 4442 2787 4524 scripsi,
2835 4447 2897 4510 et
2942 4446 3206 4511 iri-hanc

474 4528 738 4592 sormam
790 4530 1142 4611 pubblicam
1191 4531 1397 4613 redegi
1447 4530 1562 4594 sub
1610 4548 1745 4594 meo
1793 4531 1971 4611 signo
2034 4533 2098 4592 et
2144 4532 2385 4594 nomine
2434 4532 2762 4593 consuetis.
2830 4532 2948 4595 Illa
2992 4536 3200 4597 autem

469 4616 676 4691 verba,
721 4623 927 4691 sponte
972 4625 1028 4677 et
1071 4638 1141 4679 cx
1185 4626 1347 4680 certa
1375 4622 1632 4680 sciencia
1673 4618 1732 4679 in
1783 4617 2049 4682 XVIIII.
2101 4617 2263 4681 linea
2290 4616 2712 4682 descendendo
2759 4620 2901 4683 ante
2948 4619 3201 4683 verbum

466 4704 588 4773 fuit
634 4706 973 4776 consessus,
1020 4704 1163 4785 quia
1208 4704 1270 4768 in
1333 4705 1484 4788 ipsis
1532 4722 1879 4769 erraveram
1904 4753 1920 4779 ,
1967 4705 2214 4787 propria
2260 4722 2446 4767 mauu
2497 4704 2699 4770 abrasi
2758 4708 2824 4769 et
2869 4706 3198 4787 rescripsi;

2778 4807 2814 4847 ιιι

3202 4964 3301 5017 f-
