3620 5282
3013 384 3151 459 439

431 564 668 628 faciunt
713 563 790 628 de
837 564 969 627 sale
1029 564 1321 629 derobato
1389 585 1498 647 per
1566 566 1851 630 subditos
1919 566 2116 648 ipsius
2187 566 2422 631 domini
2489 566 2742 650 Georgii
2812 570 3154 635 secundum

446 650 975 732 protestationem,
1025 669 1211 734 qnam
1256 651 1410 716 alias
1453 653 1573 716 sibi
1620 653 1879 717 fecimus
1926 654 2056 718 fieri
2102 656 2166 717 et
2226 654 2302 717 ad
2372 655 2496 729 alia
2541 673 2647 735 per
2693 673 2794 718 eos
2841 656 3152 737 expositae

437 737 799 819 magnificus
841 738 1127 803 dominus
1174 738 1476 820 Georgius
1523 738 1872 803 Stracimiri
1924 740 2047 804 scit
2092 741 2243 804 bene
2290 760 2426 804 esse
2475 741 2803 805 veritatem
2873 760 2948 806 ne
2999 742 3150 806 dum

431 824 507 886 de
554 825 716 887 dicto
763 825 891 887 sale
937 829 1145 893 nostro
1190 824 1484 890 derobato
1532 845 1639 907 per
1678 844 1843 898 suos,
1893 826 1998 889 sed
2031 828 2095 890 et
2125 828 2281 908 quod
2326 827 2421 891 sni
2468 827 2723 901 subditi,
2759 827 2952 891 donec
2996 828 3154 892 Tur-

429 911 529 975 chi
578 913 886 974 steterunt
932 931 1112 992 super
1158 911 1489 975 territoriis
1539 914 1771 976 nostris
1821 912 2066 976 Scutari
2112 915 2176 975 et
2223 913 2517 985 Drivasti,
2570 916 2973 994 portaverunt
3027 915 3152 979 vic·

429 998 641 1071 tualia,
691 1000 756 1061 et
800 997 1101 1061 dederunt
1146 998 1383 1062 favores
1430 999 1538 1077 eis,
1588 999 2036 1078 denegantibus
2085 1002 2310 1062 nostris
2356 998 2642 1063 fidelibus
2687 1000 2998 1065 dictorum
3056 1002 3149 1065 lo-

430 1103 637 1148 corum
689 1082 998 1161 victualia,
1049 1087 1113 1148 et
1143 1085 1418 1149 faciendo
1464 1086 1659 1150 multa
1697 1085 1824 1149 alia
1869 1086 1932 1150 in
1981 1087 2319 1150 maximum
2363 1085 2659 1150 damnum
2711 1088 3016 1151 dictorum
3052 1088 3146 1162 lo-

430 1188 642 1234 corum
690 1175 753 1232 et
800 1170 1165 1235 introituum
1218 1175 1561 1236 nostrornm
1607 1174 1680 1235 de
1726 1172 1913 1236 dictis
1955 1171 2127 1236 locis.
2177 1170 2403 1235 Sumus
2444 1175 2508 1237 et
2552 1175 2908 1250 certissimi,
2978 1175 3142 1257 quod

431 1259 620 1320 nostri
662 1259 932 1321 rectores
980 1261 1043 1322 et
1086 1259 1369 1340 preteriti
1415 1262 1479 1321 et
1546 1262 1861 1340 presentes
1937 1260 2317 1341 scripserunt
2386 1260 2450 1322 et
2495 1258 2978 1326 informaverunt
3025 1280 3138 1327 nos

432 1345 505 1406 de
553 1345 829 1420 veritate,
880 1346 969 1408 ita
1013 1347 1168 1426 quod
1218 1347 1279 1409 in
1328 1346 1560 1410 talibus
1615 1364 1735 1410 non
1805 1349 1902 1410 est
1979 1346 2324 1411 faciendum
2397 1346 2637 1428 aliquod
2720 1347 2971 1411 dubium
3024 1367 3135 1412 nec

430 1430 803 1511 acceptanda
836 1432 1056 1513 ¹aliqua
1102 1433 1429 1497 excusatio.
1482 1431 1599 1497 Sed
1635 1451 1747 1497 nos
1792 1436 2117 1515 sequentes
2167 1432 2429 1516 vestigia
2504 1439 2858 1497 nostrorum
2927 1452 3144 1517 proge-

432 1517 725 1593 nitorum,
773 1519 872 1599 qui
922 1528 1169 1599 semper·
1207 1519 1456 1583 fuerunt
1504 1519 1771 1601 benigni,
1822 1522 1887 1583 et
1929 1519 2017 1582 nil
2060 1518 2230 1584 aliud
2298 1520 2696 1601 quesiverunt
2769 1521 2847 1584 ab
2917 1520 3141 1585 amicis

434 1603 888 1671 circumvicinis
913 1606 1062 1682 suiS,
1091 1606 1211 1669 nisi
1239 1624 1513 1669 amorem
1547 1609 1612 1669 et
1644 1606 2035 1670 dilectionem
2070 1608 2134 1669 et
2168 1606 2385 1683 bonam
2439 1604 2877 1679 vicinantiam,·
2925 1608 3142 1672 habito

434 1693 740 1772 respectu,
790 1692 945 1773 quod
997 1709 1114 1756 una
1161 1693 1292 1756 vice
1337 1693 1541 1775 ipsum
1589 1694 1904 1757 dominum
1951 1692 2296 1774 recepimus
2345 1693 2405 1755 in
2455 1711 2709 1757 numero
2785 1696 3140 1759 nostrorum

437 1776 754 1853 nobilium,
802 1779 867 1841 et
909 1778 1228 1856 audiendo,
1277 1781 1576 1861 quantum
1641 1779 1758 1862 ipsi
1839 1779 2292 1844 ambassatores
2368 1779 2706 1853 affirmant,
2784 1779 2947 1863 qnod
3025 1798 3141 1845 sua

435 1863 896 1946 magnificentia
941 1863 1300 1930 cordialiter
1338 1865 1548 1948 diligit
1621 1884 1732 1930 nos
1807 1868 1873 1933 et
1946 1866 2236 1932 honorem
2283 1867 2581 1944 nostrum,
2633 1868 2703 1930 ut
2746 1865 2825 1931 de
2871 1865 3028 1931 bono
3075 1864 3142 1931 in

435 1951 656 2014 melius
702 1969 766 2014 se
811 1950 1119 2033 disponat,
1168 1953 1335 2016 sicut
1379 1972 1700 2035 speramus
1743 1954 1808 2017 et
1851 1952 2165 2018 credimus
2211 1951 2345 2017 sine
2392 1951 2598 2030 dubio,
2645 1951 2794 2034 quia
2861 1970 2980 2017 non
3027 1953 3143 2017 ha-

434 2038 541 2100 bet
583 2055 833 2102 causam
874 2038 1056 2102 aliter
1104 2039 1363 2103 faciendi
1411 2042 1541 2104 tam
1589 2040 1837 2123 propter
1875 2040 2223 2118 caritatem,
2271 2057 2461 2122 quam
2502 2038 2621 2103 sibi
2658 2057 2903 2121 semper
2934 2039 3146 2119 osten-

432 2125 655 2201 dimus,
701 2142 886 2207 quam
928 2125 1139 2205 etiam,
1188 2127 1331 2208 quia
1373 2130 1583 2192 nostra
1631 2126 1916 2191 amicicia
1970 2128 2175 2208 potest
2218 2129 2284 2191 et
2329 2126 2514 2191 debet
2561 2126 2634 2190 -οἰ
2703 2144 2839 2192 esse
2885 2143 3028 2191 cara
3074 2128 3142 2189 et

434 2213 617 2292 grata
664 2228 781 2274 non
830 2213 1160 2290 modicum,
1208 2232 1421 2277 sumus
1464 2215 1739 2279 contenti
1788 2215 2161 2296 pertransire
2193 2231 2403 2277 secum
2434 2211 2851 2277 amicabiliter
2880 2210 2945 2276 in
2977 2213 3145 2277 hunc

437 2299 707 2371 modum,
759 2297 1049 2363 videlicet
1092 2300 1254 2381 quod
1303 2300 1630 2365 emendam
1700 2301 1766 2365 et
1833 2300 2323 2365 satisfactionem
2396 2299 2547 2363 salis
2615 2300 2812 2364 nostri
2858 2298 3143 2365 derobati

434 2404 541 2467 per
588 2403 729 2449 snos
775 2385 1054 2449 subditos
1102 2392 1231 2451 tam
1280 2405 1386 2468 pro
1433 2388 1660 2452 honore
1707 2388 1916 2453 nostro
1963 2403 2150 2470 quam
2196 2404 2306 2468 pro
2353 2385 2554 2451 dando
2599 2385 2949 2467 exemplum
2979 2384 3147 2464 aliis,

435 2472 596 2553 quod
646 2488 763 2534 non
809 2472 1112 2554 accipiant
1158 2492 1256 2537 res
1303 2475 1543 2540 nostras
1583 2474 1714 2539 sine
1761 2477 1973 2539 nostra
2017 2473 2290 2551 licentia,
2337 2474 2605 2554 petimus
2652 2473 2717 2537 et
2761 2473 3009 2537 omnino
3043 2489 3157 2537 vo-

435 2558 664 2623 lumuS.
712 2559 794 2621 Et
841 2563 1169 2641 propterea
1212 2560 1455 2643 placeat
1498 2561 1662 2625 dicto
1707 2560 1955 2626 domino
2002 2560 2267 2643 Georgio
2314 2561 2514 2623 facere
2556 2559 2687 2624 fieri
2731 2559 2901 2624 nobis
2933 2577 3151 2623 emen-

435 2645 582 2710 dam
629 2647 693 2709 et
737 2647 1225 2711 satisfactionem
1272 2648 1422 2712 dicti
1467 2649 1616 2714 salis
1659 2649 1940 2714 derobati
1987 2647 2392 2729 integraliter.
2463 2645 2620 2712 Cum
2692 2647 2755 2710 in
2798 2665 2965 2722 casu,
3034 2664 3153 2728 quo

438 2751 552 2797 sua
600 2732 1060 2814 magnificentia
1108 2734 1195 2798 sit
1239 2736 1525 2799 contenta
1569 2734 1770 2800 facere
1815 2735 1947 2799 fieri
1994 2734 2287 2798 emendas
2332 2737 2397 2797 et
2465 2732 2922 2797 satisfactiones
2994 2732 3149 2797 dicti

439 2819 609 2896 salia,
661 2821 726 2883 et
778 2822 973 2902 ipsam
1023 2821 1507 2886 satisfactionem
1557 2823 1688 2887 fieri
1736 2822 1924 2886 saciat
1968 2839 2110 2886 cum
2159 2821 2395 2893 effectu,
2445 2819 2717 2883 inveniet
2763 2836 2873 2884 nos
2902 2821 3149 2900 paratos

441 2907 768 2972 observare
814 2909 878 2970 et
923 2908 1264 2989 adimplere
1312 2909 1474 2972 circa
1518 2908 1754 2972 factum
1801 2927 1910 2972 sue
1960 2907 2326 2990 provisionis
2361 2905 2531 2968 mille
2565 2907 2927 2970 ducatorum
2957 2924 3151 2969 annu-

440 2993 617 3072 atim,
667 2995 999 3058 secundum
1051 2993 1210 3076 quod
1258 2996 1659 3080 promisimus
1705 2997 1781 3060 et⁴
1816 2996 2170 3059 continetur
2214 2995 2275 3056 in
2325 2991 2525 3055 forma
2571 2994 2918 3074 pactorum.

651 3165 749 3230 Ad
795 3165 1030 3231 factum
1076 3167 1441 3232 barcharum
1491 3168 1662 3246 sali8‚
1713 3187 1864 3250 quas
1909 3167 2026 3249 ipsi
2061 3168 2301 3249 petunt,
2346 3166 2584 3229 dictum
2617 3164 2939 3228 dominum
2976 3183 3157 3246 posse

444 3254 718 3335 accipere
770 3256 835 3317 et
878 3255 1102 3317 habere
1149 3255 1224 3316 de
1272 3255 1584 3318 Durachio
1626 3274 1733 3333 pro
1783 3273 1898 3317 usu
1946 3253 2236 3335 Dulcigni
2284 3255 2347 3315 et
2417 3251 2723 3329 Antivari‚
2795 3252 2861 3314 et
2905 3250 2981 3313 ad
3030 3251 3160 3315 fac-

447 3342 602 3416 tum,
652 3340 812 3422 quod
858 3339 1056 3423 possit
1102 3340 1303 3404 facere
1348 3341 1573 3405 adduci
1623 3341 2000 3422 Dulcignum
2050 3341 2115 3403 et
2160 3339 2527 3402 Antivarum
2566 3338 2953 3402 frumentum
2986 3355 3159 3419 emp-

444 3428 579 3496 tum
628 3425 691 3488 in
738 3427 880 3490 aliis
928 3426 1110 3489 terris
1158 3446 1264 3507 per
1309 3428 1642 3492 transitum
1713 3445 1897 3508 super
1966 3425 2296 3489 territoriis
2372 3424 2621 3500 nostris,
2694 3425 3160 3506 respondeatur,

444 3513 603 3594 quod
652 3513 722 3574 ut
768 3512 974 3577 videat
1021 3532 1302 3594 expresse
1349 3518 1622 3577 nostram
1673 3515 1896 3577 bonam
1946 3512 2330 3576 voluntatem
2381 3512 2444 3574 et
2490 3511 2908 3587 dilectionem,
2970 3528 3158 3593 qnam

442 3599 718 3681 gerimus
764 3618 871 3662 sue
918 3597 1396 3681 magnificentie,
1443 3619 1659 3664 sumus
1729 3598 2025 3675 contenti,
2078 3598 2246 3662 facta
2312 3597 2573 3661 emenda
2620 3600 2683 3661 et
2732 3596 3158 3661 satisfactione

442 3685 591 3748 dicti
643 3685 836 3748 nostri
883 3685 1032 3749 salis
1076 3705 1185 3767 per
1230 3704 1408 3749 suam
1455 3686 2001 3768 magnificentiam,
2044 3686 2370 3749 concedere
2398 3685 2450 3747 ei
2499 3685 2575 3748 de
2620 3682 2825 3766 gratia
2856 3685 2936 3746 ad
2974 3683 3159 3746 bene-

442 3771 743 3854 placitum
793 3772 991 3835 nostri
1037 3771 1314 3844 dominii,
1363 3772 1520 3855 quod
1561 3774 1753 3852 possit
1798 3772 2026 3835 habere
2068 3774 2132 3835 et
2184 3770 2506 3836 extrahere
2547 3771 2621 3833 de
2654 3768 2964 3834 Durachio
2997 3768 3153 3832 duas

442 3859 705 3922 barchas
752 3859 905 3922 salis
949 3876 1059 3939 pro
1094 3876 1207 3921 sua
1253 3860 1510 3940 pecunia
1550 3859 1625 3922 de
1673 3859 1952 3922 ducentis
2002 3857 2223 3921 modiis
2271 3875 2381 3938 pro
2425 3856 2720 3939 qualibet,
2793 3857 2858 3919 et
2926 3853 3160 3918 condu-

440 3964 578 4010 cere
623 3944 791 4026 ipsas
838 3944 1211 4026 Dulcignum
1254 3949 1318 4008 et
1364 3945 1736 4009 Antivarum
1783 3963 1893 4025 pro
1943 3963 2055 4008 usu
2103 3944 2412 4007 dictarum
2480 3945 2805 4017 terrarum,
2856 3941 3155 4003 solvendo

444 4032 620 4096 dacia
665 4032 848 4096 solita
894 4032 1101 4096 nostre
1146 4033 1309 4095 terre
1358 4031 1676 4095 Durachii.
1725 4029 2033 4096 Similiter
2104 4049 2317 4094 sumus
2388 4028 2682 4104 contenti,
2752 4028 2911 4110 quod
2959 4026 3160 4108 possit

443 4118 518 4181 de
565 4117 704 4180 aliis
751 4119 936 4181 terris
982 4117 1186 4181 facere
1250 4116 1507 4182 conduci
1555 4117 1794 4181 dictum
1844 4117 2225 4181 frumentum
2289 4133 2471 4196 super
2542 4114 2876 4178 territoriis
2923 4112 3156 4176 nostris

443 4224 551 4286 per
595 4206 923 4268 transitum
970 4222 1079 4286 pro
1128 4224 1241 4267 usu
1290 4203 1598 4268 dictarum
1676 4222 1931 4267 suarum
2006 4205 2339 4274 terrarum,
2419 4199 2592 4265 salvo
2641 4199 2976 4264 si‘dictum
3025 4199 3158 4261 fru-

446 4291 726 4353 mentum
773 4308 891 4353 non
940 4291 1061 4353 erit
1105 4292 1278 4353 nobis
1306 4292 1723 4354 necessarium
1758 4308 1867 4371 pro
1902 4290 2085 4353 terris
2118 4290 2182 4351 et
2223 4287 2371 4350 locis
2405 4287 2650 4349 nostris,
2700 4284 3156 4361 concludendo,

444 4377 608 4459 quod
657 4377 1087 4441 mandabimus
1130 4375 1477 4440 ‘rectoribus
1525 4377 1755 4441 nostris
1805 4376 2049 4441 Scutari
2096 4378 2159 4436 et
2208 4371 2523 4449 Durachii,
2570 4373 2730 4454 quod
2771 4390 2952 4453 snper
2998 4369 3163 4434 facto

444 4481 554 4528 sue
600 4463 963 4544 provisionis
1014 4462 1183 4525 mille
1231 4465 1593 4527 ducatorum
1642 4464 1707 4525 et
1751 4480 1937 4544 snper
1982 4460 2122 4525 aliis
2169 4459 2411 4522 duabus
2459 4458 2735 4539 partibus
2796 4460 2870 4521 de
2916 4457 3160 4520 duabus

446 4549 692 4612 barchis
734 4549 883 4612 salis
929 4550 991 4611 et
1036 4549 1110 4611 de
1155 4548 1464 4612 frumento
1509 4549 1793 4623 debeant,
1844 4551 2173 4630 postquam
2221 4546 2530 4609 sciverant
2574 4563 2611 4608 a
2671 4549 2862 4620 certo,
2912 4542 3158 4607 dictum

447 4635 759 4698 dominum
806 4633 1138 4712 Georgium
1184 4635 1407 4700 fecisse
1454 4636 1586 4700 fieri
1633 4634 1960 4698 emendam
2010 4634 2076 4696 ot
2119 4629 2607 4695 satisfactionem
2655 4630 2807 4694 salis
2854 4628 3159 4706 derobati,

445 4720 784 4803 adimplere
830 4725 895 4786 et
938 4723 1295 4800 observare,
1343 4723 1680 4788 secundum
1726 4722 1888 4803 quod
1937 4716 2532 4786 recomendavimuS.
