3620 5282
496 371 626 436 352

504 545 672 629 parti
719 543 864 610 olim
918 544 1095 625 capte
1141 540 1206 604 in
1252 538 1473 604 maiori
1520 537 1778 604 consilio
1835 537 2019 603 1356.
2069 537 2151 602 27
2203 537 2572 616 novembriS,
2637 557 2745 620 per
2790 556 2975 620 quam
3023 537 3231 620 prohi-

505 637 706 709 betur,
753 630 909 714 quod
957 629 1154 693 nostri
1199 646 1317 692 non
1362 626 1602 709 possint
1662 627 1750 690 ire
1798 628 2067 690 rectores
2133 625 2230 690 vel
2297 625 2606 709 capitanei
2647 626 2777 695 ,aut
2821 624 3114 690 officiales
3160 624 3224 688 in

501 722 717 803 aliqua
763 722 929 783 terra
976 715 1073 782 vel
1118 715 1250 780 loco
1296 733 1414 780 non
1459 714 1731 779 subiecto
1778 713 2096 778 communi
2144 713 2552 778 Veneciarum
2611 712 2728 777 sub
2776 732 2933 795 pena
2977 712 3229 777 ducato-

499 828 642 873 rum
689 807 751 870 II
796 804 994 882 mille,
1043 803 1107 868 in
1153 822 1274 885 qua
1318 804 1496 885 parte
1542 802 1911 877 continetur,
1969 799 2130 884 quod
2177 800 2345 866 dicta
2404 802 2699 866 strictura
2758 818 2879 866 non
2942 800 3232 865 extendat

503 914 573 961 se
621 896 698 958 ad
745 895 941 958 terras
981 891 1080 957 vel
1125 892 1262 955 loca
1307 890 1384 954 de
1431 892 1605 954 extra
1651 887 1971 972 culphum.
2007 928 2010 931 -
2050 887 2167 953 Vel
2231 888 2391 970 quod
2455 906 2574 952 uon
2638 888 3001 953 subiaceant
3065 887 3226 952 dicte

507 982 788 1066 partiet
833 980 1142 1056 stricture,
1188 983 1252 1043 et
1297 996 1407 1060 per
1448 995 1846 1058 consequens,
1897 975 2058 1059 quod
2107 976 2304 1042 nostri
2353 977 2594 1059 possint
2645 977 2735 1040 ire
2781 975 2932 1040 illuc
2977 993 3086 1058 pro
3131 993 3232 1039 re·

506 1069 779 1136 ctoribus
827 1070 891 1132 et
935 1065 1308 1131 officialibus
1355 1065 1584 1149 absque
1629 1083 1805 1146 pena.

715 1154 950 1238 Capta:
1001 1153 1156 1235 quod
1207 1171 1324 1216 non
1372 1152 1690 1218 subiacent
1710 1153 1872 1215 dicte
1896 1152 2062 1233 parti
2107 1154 2171 1215 et
2217 1150 2530 1228 strictura,
2580 1155 2643 1215 et
2690 1171 2798 1233 per
2831 1169 3227 1233 consequenS,

512 1246 674 1327 quod
721 1244 916 1308 nostri
942 1242 1183 1325 possint
1227 1240 1380 1305 illuc
1425 1241 1514 1304 ire
1562 1258 1667 1319 pro
1693 1240 2034 1303 rectoribus
2073 1240 2203 1304 sine
2253 1257 2425 1321 pena.
2453 1239 2602 1302 206.
2646 1236 2822 1317 Quod
2870 1239 3231 1303 subiaceant

505 1333 673 1396 dicte
722 1331 882 1413 parti
929 1331 995 1394 et
1037 1328 1347 1393 strictura.
1395 1327 1501 1391 48.
1551 1326 1690 1391 Non
1736 1326 1963 1391 sincerl
2009 1326 2111 1390 23.

589 1422 804 1481 Maius
846 1420 1173 1481 consilium.
1223 1419 1471 1478 Novella
1518 1419 1618 1490 54,
1664 1435 1707 1475 u
1750 1417 1969 1475 ανῆ-,ἱνα
2019 1417 2381 1477 mletackom.

889 1604 1331 1690 DXXVII.
1396 1604 1604 1686 God.
1659 1604 1881 1688 1357.
1937 1603 1986 1687 5
2041 1607 2327 1707 rinna,
2384 1626 2441 1684 u
2494 1603 2887 1685 Mletcih.

503 1735 840 1809 Republika
867 1733 1166 1807 oaqovara
1195 1748 1279 1790 na
1308 1730 1490 1789 motae
1524 1747 1602 1802 po
1637 1730 1984 1802 postanicih
2019 1729 2354 1803 manerem
2386 1729 2482 1803 φφ·
2526 1730 2602 1788 oa
2630 1732 2939 1805 epirskoya
2970 1731 3231 1805 despota.

713 1853 897 1917 1357.
944 1852 1283 1917 indictione
1329 1849 1421 1929 X,
1458 1849 1556 1913 die
1604 1849 1659 1913 V
1708 1849 1938 1913 mensis
1982 1849 2373 1932 septembris,
2423 1849 2745 1925 DominnS,
2794 1852 3129 1918 consiliarii
3162 1857 3226 1919 et

494 1943 713 2025 capita.
763 1940 994 2023 Capta:
1043 1938 1210 2021 quod
1255 1937 1699 2020 respondeatur
1767 1937 2156 2002 ambaxatori
2213 1936 2447 2001 domini
2495 1937 2770 2020 despoti,
2833 1941 3226 2023 regratiando

495 2030 550 2094 ei
598 2048 739 2094 cum
781 2027 983 2093 verbis
1030 2024 1394 2090 decentibus
1442 2025 1516 2089 de
1563 2025 1722 2089 bona
1764 2024 2219 2107 disposicione,
2265 2043 2450 2108 quam
2511 2043 2657 2107 erga
2705 2043 2815 2090 nos
2863 2028 3091 2093 habere
3138 2030 3228 2094 vi-

493 2118 695 2195 detur,
739 2118 803 2180 et
846 2113 1006 2198 quod
1051 2113 1129 2178 ad
1178 2131 1269 2190 ea,
1323 2131 1439 2194 que
1484 2111 1615 2195 ipse
1680 2112 2005 2193 requisivit
2049 2131 2087 2175 a
2133 2112 2347 2191 nobis,
2413 2112 2792 2194 providimus
2840 2118 2905 2179 et
2951 2116 3224 2181 declara-

495 2206 695 2269 vimus
739 2222 881 2267 cum
928 2201 1154 2266 nostris
1203 2199 1480 2264 consiliis
1528 2200 1603 2263 ob
1649 2219 1919 2264 amorem
1983 2200 2356 2281 specialem,
2419 2219 2602 2282 quem
2657 2200 2956 2267 habemus
3002 2203 3082 2267 ad
3129 2204 3225 2286 ip-

495 2311 672 2372 sum,
721 2292 881 2372 quod
926 2288 1124 2371 possit
1168 2288 1448 2369 accipere
1498 2306 1689 2350 unum
1739 2305 1812 2351 ex
1860 2287 2170 2351 nobilibus
2218 2286 2445 2351 nostris
2490 2306 2600 2369 pro
2665 2289 2897 2354 rectore
2940 2288 3218 2356 locorum

496 2397 768 2455 suorum,
814 2376 963 2442 licet
1012 2376 1126 2440 hoc
1168 2375 1252 2439 sit
1298 2374 1677 2456 prohibitum
1725 2376 2010 2439 omnibus
2040 2374 2181 2438 aliis
2229 2374 2613 2439 circavicinis
2646 2377 2890 2455 nostris,
2935 2377 3025 2441 ita
3057 2380 3216 2462 quod

497 2485 682 2549 super
728 2465 843 2529 hoc
890 2465 1095 2546 potest
1138 2463 1460 2544 disponere
1507 2465 1572 2526 et
1616 2461 1954 2544 providere,
2005 2462 2169 2526 sicut
2213 2461 2269 2525 ei
2317 2461 2592 2540 videtur,
2655 2464 2799 2545 quia
2848 2465 3109 2530 ulterius
3154 2467 3219 2530 in

494 2555 739 2636 petione
786 2570 900 2615 sua
948 2568 1067 2613 non
1114 2568 1439 2632 possumus
1486 2567 1593 2613 nos
1640 2550 2079 2613 intromittere.
2134 2550 2221 2612 De
2269 2548 2434 2613 facto
2482 2548 2725 2614 levandi
2777 2551 3047 2636 insignia
3107 2572 3216 2618 no-

494 2644 626 2707 stra
673 2638 871 2705 sancti
909 2637 1108 2703 Marci
1155 2656 1274 2701 non
1325 2639 1586 2719 oportet,
1635 2638 1793 2720 quod
1843 2637 1960 2703 sibi
2004 2635 2409 2702 concedamus
2458 2636 2554 2700 vel
2582 2639 3034 2720 prohibeamus,
3069 2643 3214 2724 quia

494 2730 592 2793 est
637 2727 789 2793 civis
840 2729 1049 2791 noster
1097 2728 1160 2790 et
1207 2727 1302 2791 est
1348 2725 1614 2806 sapiens,
1664 2726 1727 2788 et
1771 2726 1980 2808 potest
2039 2726 2104 2789 in
2165 2725 2279 2788 hoc
2327 2724 2569 2802 facere,
2637 2728 2800 2791 sicut
2845 2728 2902 2792 ei
2947 2728 3219 2794 videtur.

497 2817 588 2880 De
636 2815 809 2899 ligno
860 2817 1070 2879 autem
1118 2816 1183 2878 et
1227 2813 1519 2885 corredis,
1567 2831 1681 2894 que
1729 2813 1892 2894 petit
1930 2830 1966 2876 a
2013 2811 2186 2876 nobis
2234 2831 2341 2895 pro
2390 2817 2501 2876 sua
2531 2816 2813 2894 pecunia,
2854 2816 3222 2881 concedatur

495 2905 572 2983 ei,
625 2903 790 2968 sicut
834 2903 964 2985 ipse
1012 2903 1188 2985 petit,
1230 2901 1283 2965 si
1330 2900 1452 2965 erit
1493 2899 1556 2963 in
1603 2903 1912 2974 arsenatu,
1962 2919 2080 2978 reS,
2129 2919 2246 2982 que
2306 2899 2495 2964 faciat
2539 2919 2646 2982 pro
2690 2920 2761 2967 eo
2823 2920 2963 2968 cnm
3012 2904 3223 2968 condi-

495 2990 697 3069 cione,
746 2991 909 3055 sicut
953 2990 1086 3071 ipse
1132 2988 1328 3066 offert,
1378 2987 1539 3069 quod
1586 2987 2091 3069 quandocumque
2157 3005 2266 3051 nos
2313 3006 2419 3051 seu
2484 2989 2792 3071 capitanei
2842 2993 2906 3055 et
2949 2993 3220 3066 rectores

497 3079 698 3142 nostri
735 3077 939 3159 ipsum
986 3076 1225 3159 lignum
1272 3076 1652 3157 requirerent
1695 3093 1805 3156 pro
1854 3074 2079 3139 nostris
2113 3074 2409 3154 serviciis,
2458 3076 2661 3158 ipsum
2697 3077 2946 3144 mittere
2979 3067 3043 3143 et
3074 3081 3218 3145 dare

493 3165 717 3229 debeat
776 3163 1112 3228 secundum
1172 3161 1642 3244 requisicionem
1693 3180 1938 3240 eorum,
2004 3161 2382 3227 solventibus
2446 3163 2618 3227 nobis
2681 3167 2953 3246 precium
3020 3166 3217 3250 ipsius

497 3253 572 3316 de
619 3254 913 3333 tempore,
962 3269 1079 3333 quo
1125 3250 1404 3314 stetisset
1448 3249 1526 3313 ad
1576 3253 1854 3314 nostrum
1900 3248 2241 3315 servitium.

581 3342 762 3400 Misti
812 3340 1129 3400 XXVIII.
1179 3342 1279 3412 13,
1326 3357 1369 3399 u
1410 3340 1751 3400 mletackom
1785 3341 2018 3400 arkivu.

860 3527 1324 3610 DXXVlll.
1381 3528 1586 3611 God.
1643 3528 1862 3611 1357.
1917 3526 1966 3609 ὃ
2021 3529 2308 3630 rujna,
2363 3552 2424 3611 u
2475 3530 2869 3614 Mletcih.

879 3656 1129 3729 Iztraya
1161 3655 1471 3728 povedena
1504 3656 1674 3728 proti
1716 3655 2075 3714 hvarskomu
2123 3656 2314 3715 knezu
2355 3657 2496 3716 radi
2539 3659 2827 3732 ubojstva.

717 3775 903 3841 1357.
955 3776 1049 3839 die
1094 3776 1153 3842 V
1196 3775 1587 3858 septembris.
1636 3773 2076 3841 Advocatores.
2142 3774 2374 3859 Capta:
2424 3779 2583 3862 quod
2640 3799 2749 3862 pro
2793 3780 3075 3846 habenda
3118 3802 3219 3848 ve·

494 3865 680 3929 ritate
727 3862 1147 3947 inquisitionis
1197 3864 1262 3928 et
1303 3881 1620 3945 processus
1667 3862 1817 3928 facti
1849 3862 2005 3928 falso
2031 3883 2138 3946 per
2183 3883 2281 3928 ser
2325 3864 2635 3931 Alvisium
2681 3867 3034 3948 Micaelem,
3070 3869 3219 3934 olim

498 3954 876 4036 potestatem
920 3952 1078 4015 Fare
1125 3951 1189 4014 et
1233 3950 1446 4028 Brace,
1492 3951 1707 4014 contra
1752 3949 2051 4015 Jacobum
2107 3952 2445 4017 Todescum
2507 3954 2638 4019 eius
2684 3954 2992 4020 famulum
3041 3975 3226 4041 super

492 4041 689 4105 morte
741 4038 941 4103 Marci
964 4039 1040 4102 de
1064 4037 1127 4101 la
1169 4038 1464 4116 Fontana,
1510 4038 1941 4102 committatur
1988 4058 2087 4104 ser
2141 4038 2397 4106 Nicolao
2445 4040 2735 4108 Cornario
2760 4092 2776 4124 ,
2844 4043 3005 4109 ituro
3054 4048 3225 4127 pote·

492 4127 650 4192 stati
700 4125 860 4190 Fare
907 4127 972 4189 et
1016 4125 1231 4204 Braze,
1280 4123 1441 4207 quod
1489 4125 1724 4200 statim,
1772 4144 1915 4191 cum
1948 4126 2139 4192 fuerit
2180 4129 2256 4191 ad
2290 4147 2467 4194 suum
2495 4130 2792 4212 regimen,
2840 4131 3226 4199 intromittat

492 4216 557 4279 et
603 4215 737 4297 capi
785 4213 981 4277 faciat
1028 4212 1363 4277 Vivianum
1408 4212 1850 4277 cancellarium
1917 4214 2106 4294 Fare,
2157 4215 2262 4297 qui
2326 4215 2679 4299 inculpatur
2726 4219 3025 4298 scienter,
3074 4240 3225 4302 pen-

493 4302 627 4366 sate
673 4319 746 4366 ac
794 4301 1003 4365 dolose
1051 4299 1372 4381 scripsisse
1420 4301 1654 4365 dictum
1700 4319 2076 4383 processum,
2139 4306 2203 4366 et
2244 4301 2449 4384 ipsum
2497 4305 2713 4370 mittat
2759 4306 3060 4372 Venecias
3107 4309 3222 4373 sub

490 4388 654 4452 bona
698 4387 996 4459 custodia,
1044 4406 1161 4469 quo
1209 4387 1514 4466 veniente,
1564 4388 1950 4453 examinetur
1997 4408 2103 4471 per
2149 4387 2563 4469 advocatores,
2607 4394 2709 4475 qui
2751 4412 2890 4457 cum
2926 4414 3014 4472 eo,
3064 4397 3224 4478 quod

491 4474 847 4552 habuerint,
898 4475 1149 4540 veniant
1192 4473 1271 4537 ad
1319 4474 1488 4539 istud
1534 4475 1862 4540 consilium
1910 4475 2007 4542 vel
2048 4478 2125 4540 ad
2172 4476 2379 4557 aliud,
2429 4480 2589 4562 quod
2636 4482 2859 4545 melius
2906 4481 3220 4549 videbitur

494 4561 647 4645 ipsis
671 4561 1162 4640 advocatoribuS,
1209 4563 1273 4625 et
1296 4561 1423 4640 fiet,
1460 4561 1621 4628 sicut
1654 4563 1980 4629 videbitur.
2014 4564 2107 4628 De
2134 4582 2251 4629 non
2276 4564 2335 4643 3,
2363 4585 2481 4630 non
2517 4567 2739 4634 sinceri
2766 4568 2826 4647 3,
2852 4569 2959 4633 alii
2985 4587 3220 4636 omnes.

706 4647 1143 4713 Advocatores.
1193 4648 1425 4732 Capta:
1474 4667 1615 4714 cum
1665 4670 1764 4716 sor
1807 4651 2085 4717 Alvisius
2130 4650 2361 4716 Micael
2407 4655 2555 4719 olim
2603 4657 2875 4738 potestas
2920 4657 3108 4723 Farre
3156 4660 3222 4724 et

489 4736 706 4816 Brace,
752 4736 825 4801 ut
868 4736 1032 4801 clare
1076 4736 1358 4817 habetur,
1404 4736 1787 4802 interfecerit
1830 4757 1928 4804 ser
1984 4737 2267 4805 Marcum
2312 4740 2385 4805 de
2431 4741 2494 4807 la
2536 4742 2816 4809 Fontana
2859 4743 2925 4809 in
2971 4745 3196 4829 Lesna,
