3620 5282
422 114 506 248 s!

372 312 379 318 '
539 322 664 390 188

213 341 359 548 fs
912 494 1267 578 chxl.
1327 496 1534 579 sou.
1589 495 1817 580 1382.
1871 496 1989 579 27.
2044 498 2360 602 uma,
2414 521 2474 580 u
2530 499 2918 588 metam.

484 689 491 698 ,
532 643 636 702 Na
681 643 892 701 listove
938 642 1267 715 uyarehrv.
1313 640 1516 714 krah‘a
1562 641 1891 714 Idudevita
1933 643 2248 715 republika
2293 642 2614 715 odyovara,
2662 644 2743 701 da
2792 643 2854 702 όε
2898 643 3116 703 αόἰπίέί
3141 659 3272 719 ono,

664 748 697 788 ο
742 729 865 789 dem
898 729 967 802 ,ᾦα
1013 730 1328 802 umoljena,
1369 746 1450 802 po
1492 728 1631 800 iobii
1674 731 1866 805 isloqa
1911 731 2112 802 kralja
2158 730 2181 787 i
2223 730 2426 804 kralja
2480 731 2884 806 napuljskoqa
2927 731 3147 790 Karza.

748 848 935 913 1382.
1000 848 1330 916 indictione
1376 850 1451 926 V,
1517 849 1617 913 die
1676 850 1759 913 27
1831 849 2003 914 iunii.
2081 850 2417 928 DominuS,
2482 849 2859 928 consiliarii,
2924 848 3143 932 capita
3209 851 3276 912 et

534 937 846 1021 sapientes
887 937 1148 1001 consilii.
1193 936 1421 1019 Capta:
1451 938 1610 1019 quod
1660 938 2099 1019 respondeatur
2132 937 2379 1001 domino
2426 938 2561 1021 regi
2608 937 2931 1021 Hungarie
2978 955 3087 1019 per
3133 937 3275 1000 lite-

540 1043 641 1089 ras
689 1026 935 1089 nostras
979 1024 1041 1088 in
1090 1024 1286 1089 forma
1335 1024 1752 1108 infrascripta,
1789 1027 1854 1089 et
1899 1026 1989 1089 sic
2036 1025 2279 1089 dicatur
2324 1023 2543 1089 nuntio
2587 1044 2718 1102 suo,
2766 1026 2871 1107 qui
2920 1027 3017 1089 est
3061 1024 3163 1088 hic
3208 1027 3274 1087 et

535 1113 819 1194 expectat
865 1112 1348 1193 responsionem,
1400 1112 1718 1176 videlicet:
1769 1111 2176 1177 Serenissime
2225 1112 2391 1195 regie
2437 1112 2788 1177 maiestatis
2833 1114 3047 1177 literas
3092 1113 3270 1176 datas

540 1200 603 1264 in
661 1203 862 1264 castro
920 1198 1157 1284 Sygeth
1216 1200 1315 1263 die
1362 1199 1511 1264 XVI
1574 1201 1804 1264 mensis
1876 1200 2023 1264 maii
2071 1218 2255 1281 super
2297 1200 2696 1281 requisitione
2737 1199 2910 1266 nobis
2957 1199 3120 1263 facta
3163 1217 3272 1282 per

535 1288 792 1352 eandem
853 1288 1309 1352 serenissimam
1377 1288 1611 1370 regiam
1675 1287 2065 1352 maiestatem
2117 1288 2386 1353 vestram
2437 1289 2517 1352 ad
2555 1289 2719 1353 sacta
2750 1287 3133 1353 serenissimi
3164 1286 3272 1352 do-

535 1376 686 1439 mini
737 1375 901 1458 regis
950 1374 1169 1439 Karoli
1215 1374 1567 1440 Jerusalem
1618 1376 1683 1440 et
1726 1374 1936 1439 Sicilie
1986 1376 2146 1457 regis
2192 1376 2256 1439 et
2299 1375 2529 1438 domiui
2580 1375 2781 1441 duche
2841 1373 3271 1457 Andegavien·

534 1464 620 1526 sis
668 1465 786 1528 etc.
836 1482 1029 1546 nuper
1074 1462 1418 1545 recepimus
1459 1465 1525 1527 et
1569 1461 1990 1528 intelleximus
2036 1462 2390 1545 diligenter,
2438 1463 2515 1526 ad
2543 1482 2694 1547 quas
2719 1461 3075 1528 excellentie
3100 1460 3270 1543 regie

539 1550 926 1631 presentibus
973 1552 1433 1632 respondemuS,
1480 1550 1640 1632 quod
1688 1570 1906 1614 sumus
1954 1550 2238 1632 dispositi
2285 1551 2359 1614 ad
2410 1553 2637 1630 omnia,
2686 1570 2804 1633 que
2850 1550 3120 1615 habeant
3158 1567 3268 1613 nos

534 1657 898 1704 conservare
967 1639 1028 1703 iu
1100 1656 1313 1702 amore
1381 1638 1448 1703 et
1513 1656 1662 1720 pace
1730 1656 1873 1701 cum
1920 1638 2317 1702 serenissima
2362 1638 2532 1720 regia
2575 1639 2902 1703 maiestate
2950 1639 3158 1701 vestra
3204 1638 3271 1700 et

532 1745 671 1791 cum
734 1726 970 1808 prefato
1032 1726 1425 1791 serenissimo
1487 1725 1735 1790 domino
1797 1744 1941 1808 rege
1998 1724 2226 1790 Karolo
2264 1725 2605 1791 carissimis
2650 1729 2717 1791 et
2759 1725 3001 1791 intimis
3046 1724 3269 1790 amicis

533 1814 728 1879 nostri
773 1813 1046 1878 dominii.

620 1921 797 1980 Misce·
848 1921 1195 1982 XXXVII.
1247 1923 1352 1991 88,
1396 1940 1440 1981 u
1481 1921 1640 1981 mzet.
1686 1922 1924 1980 arkivu.

878 2082 1263 2165 CCLXII
1337 2071 1545 2167 God.
1603 2083 1806 2167 1382
1884 2084 2014 2168 25.
2068 2085 2370 2186 srpnja
2420 2107 2480 2166 n
2533 2083 2923 2166 Mletcih.

536 2226 749 2300 Odbija
818 2245 881 2287 se
946 2228 1139 2287 molba
1203 2228 1406 2301 krah'a
1474 2229 1870 2302 bosanskoya,
1943 2229 2025 2286 da
2090 2246 2193 2286 mu
2260 2245 2321 2288 se
2391 2246 2467 2287 uz
2513 2227 2804 2286 naknadu
2869 2227 3102 2301 podiele
3149 2222 3268 2284 dva

1597 2315 1954 2375 naoruiana
1994 2316 2198 2375 brada.

754 2436 941 2501 1382.
989 2436 1090 2501 die
1138 2437 1223 2500 25
1290 2437 1446 2501 iulii.
1542 2438 1875 2513 DominuS,
1920 2436 2292 2513 consiliarii,
2337 2435 2543 2518 capita
2587 2435 2651 2498 et
2696 2435 3008 2517 sapientes
3052 2434 3266 2498 amba·

534 2542 671 2587 rum
731 2543 1051 2589 manuum.
1101 2524 1332 2606 Capta:
1387 2525 1548 2606 quod
1600 2527 2036 2607 respondeatur
2082 2524 2223 2588 istis
2267 2523 2767 2588 ambaxatoribus
2813 2521 3044 2587 domini
3103 2521 3264 2604 regis

536 2610 760 2690 Raxie,
825 2613 924 2696 qni
989 2632 1132 2678 oum
1199 2631 1421 2696 magna
1491 2612 1789 2678 instantia
1838 2613 2085 2677 nomine
2131 2611 2281 2677 dicti
2330 2611 2559 2677 domini
2606 2609 2770 2692 regis
2816 2609 3268 2692 requisiverunt

536 2718 573 2763 a
638 2700 811 2764 nobis
882 2702 1035 2765 duos
1105 2701 1489 2783 brigantinos
1558 2701 1807 2765 fulcitos
1874 2702 2002 2764 suis
2051 2701 2234 2765 rebus
2282 2702 2348 2764 et
2392 2698 2649 2763 arnesiis
2698 2717 2806 2781 pro
2854 2717 2966 2763 sua
3010 2696 3268 2781 pecunia

535 2789 674 2865 etc„
724 2788 1058 2853 lutanando
1106 2807 1215 2854 nos
1261 2808 1298 2852 a
1343 2788 1509 2853 facto
1577 2808 1686 2870 pro
1757 2787 1976 2853 multis
2022 2789 2197 2853 bonis
2245 2788 2621 2869 respectibus
2666 2805 2809 2851 cum
2860 2785 2987 2851 illis
3035 2785 3258 2861 verbis,

535 2894 652 2956 que
697 2876 1070 2941 videbuntur
1113 2876 1377 2958 collegio
1425 2876 1522 2941 vel
1569 2876 1787 2942 maiori
1837 2877 2043 2958 parti,
2107 2877 2461 2941 mostrando
2488 2924 2503 2953 ,
2550 2875 2713 2957 quod
2758 2874 2881 2956 ipsi
2927 2873 3263 2957 brigentini

534 2965 681 3027 sunt
724 2965 898 3029 nobis
945 2964 1312 3029 neccessarii
1352 2983 1462 3047 pro
1508 2964 1690 3028 factis
1736 2964 1965 3029 nostris
2011 2962 2264 3028 Tenedi.

622 3071 802 3131 Masta·
851 3072 1202 3133 XXXVII.
1252 3075 1354 3142 99,
1399 3090 1440 3132 u
1485 3073 1639 3132 mlet.
1691 3072 1925 3134 arkivu.

883 3232 1337 3318 CCLXIII.
1392 3235 1598 3318 God.
1656 3234 1882 3317 1382.
1936 3234 2056 3317 21.
2114 3236 2392 3336 rujna‚
2449 3256 2506 3315 u
2562 3233 2952 3316 Mletcih.

534 3380 833 3438 Mletcam‘
876 3395 939 3437 se
962 3380 1336 3452 inpricavaju
1351 3380 1508 3453 pred
1550 3381 1884 3454 uyarehrv.
1931 3379 2201 3451 krah’em,
2241 3380 2341 3451 koj
2373 3379 2474 3450 jih
2515 3378 2709 3455 molio,
2755 3377 2908 3435 nelca
2942 3375 3133 3448 prusa
3160 3392 3266 3448 po-

549 3467 677 3526 moc
721 3468 836 3525 rim
847 3467 978 3540 skoj
1022 3468 1188 3526 crkvi
1231 3469 1256 3525 i
1292 3468 1512 3538 Karlu,
1561 3468 1983 3540 napuljskomu
2008 3468 2229 3538 kralju,
2266 3467 2430 3539 proti
2472 3465 2704 3539 vojvodi
2745 3463 3264 3539 Andeyavskomu.

758 3586 942 3650 1383.
970 3586 1338 3655 indictiones
1386 3591 1578 3665 sexta,
1626 3588 1725 3651 die
1770 3588 1916 3652 XXI
1963 3586 2348 3668 septembris.
2398 3584 2723 3667 Sapientes
2746 3583 3006 3649 consilii.
3033 3582 3266 3666 Capta:

536 3674 694 3756 quod
743 3676 1182 3756 respendeatur
1229 3676 1305 3739 ad
1355 3675 1646 3740 ultimum
1694 3675 2035 3757 capitulum
2083 3674 2442 3739 ambaxiate
2480 3672 2713 3737 domini
2755 3671 2920 3755 regis
2945 3671 3268 3753 Hungarie

536 3781 721 3844 super
768 3761 929 3827 facto
975 3761 1189 3827 auxilii
1236 3766 1300 3826 et
1346 3763 1607 3839 consilii,
1656 3764 1813 3845 quod
1859 3762 2082 3844 petunt
2128 3761 2327 3825 eidem
2378 3760 2619 3842 preberi
2663 3780 2771 3842 per
2814 3777 2924 3823 nos
2969 3778 3077 3841 pro
3119 3760 3268 3823 sub-

535 3851 689 3914 sidio
747 3850 981 3915 domini
1041 3869 1196 3933 pape
1254 3854 1320 3915 et
1379 3850 1640 3915 ecclesie
1698 3867 1984 3927 romane,
2053 3868 2125 3914 ac
2181 3849 2410 3913 domiui
2479 3849 2643 3931 regis
2690 3846 2908 3912 Karoli
2948 3848 3014 3911 et
3070 3846 3264 3910 totius

538 3938 719 4002 Italie
779 3941 996 4002 contra
1073 3938 1391 4003 (lominum
1454 3938 1675 4002 ducem
1735 3936 2272 4019 Audegaviensem
2335 3939 2583 4019 gentem
2640 3935 2770 3999 eius
2817 3954 2887 3999 ac
2933 3934 3261 4015 colligatos

538 4043 683 4090 suos
731 4028 886 4105 etc.,
931 4028 1090 4109 qnod
1137 4027 1312 4090 novit
1355 4026 1526 4103 deuS,
1574 4024 1673 4089 cui
1720 4027 1946 4090 cuncta
1989 4026 2134 4089 sunt
2175 4025 2440 4107 cognita,
2488 4041 2596 4088 nos
2644 4028 2938 4107 tanquam
2979 4021 3266 4086 catholici

536 4114 600 4177 et
646 4113 1029 4178 devotissimi
1078 4112 1219 4177 fidei
1267 4131 1507 4194 semper
1554 4112 1888 4177 habuimus
1934 4114 1997 4175 et
2056 4110 2281 4176 habere
2328 4111 2704 4176 intendimus
2749 4108 3132 4192 singularem
3170 4126 3269 4171 re-

539 4201 878 4266 verentiam
949 4204 1011 4266 et
1076 4201 1370 4265 honorem
1441 4197 1519 4264 ad
1588 4205 1870 4265 sanctam
1917 4202 2185 4263 matrem
2234 4199 2594 4275 ecclesiam,
2666 4200 2729 4263 et
2776 4200 2841 4262 in
2883 4195 3137 4278 speciali
3184 4196 3263 4258 ad

535 4289 1000 4353 sanctissimum
1063 4289 1378 4354 dominum
1429 4306 1654 4371 papam
1703 4288 2040 4353 Urbanum.
2089 4286 2407 4351 Habemus
2451 4286 2640 4351 etism
2687 4287 2752 4350 et
2794 4284 3019 4349 habere
3064 4285 3268 4347 inten-

535 4377 742 4440 dimus
811 4376 1097 4440 intimam
1166 4379 1230 4441 et
1297 4378 1651 4459 precipuam
1722 4375 2107 4450 devotionem
2153 4377 2217 4437 et
2274 4373 2665 4438 affectionem
2725 4371 2803 4437 ad
2865 4372 3155 4437 honorem
3201 4372 3269 4435 et

536 4464 772 4527 statum
822 4464 1216 4528 serenissime
1283 4465 1454 4547 regie
1503 4463 1848 4528 maiestatis
1893 4463 2220 4544 Hungarie
2267 4463 2331 4525 et
2360 4461 2436 4525 ad
2459 4461 2923 4526 serenissimum
2948 4459 3266 4523 dominnm

537 4568 743 4630 regem
784 4549 1122 4627 Karolum;
1169 4552 1276 4616 sed
1324 4553 1558 4633 prefate
1607 4551 1774 4633 regie
1823 4550 2165 4614 maiestatis
2213 4549 2527 4631 Hungarie
2574 4550 2637 4612 et
2676 4549 2792 4612 toti
2846 4545 3073 4612 mundo
3129 4545 3260 4608 uoti

536 4639 683 4701 sunt
728 4639 1013 4701 immensi
1056 4638 1294 4704 labores
1333 4640 1528 4703 nostri
1553 4642 1618 4704 et
1649 4657 1929 4720 expense,
1976 4656 2127 4719 quos
2172 4640 2236 4702 et
2272 4655 2423 4721 quas
2467 4636 2634 4719 passi
2694 4655 2907 4700 sumus
2963 4652 3068 4717 pro
3132 4651 3265 4697 ma—

535 4722 719 4793 ximis
762 4724 1004 4815 guerris
1048 4744 1239 4811 nuper
1284 4727 1532 4810 elapsis,
1578 4744 1695 4813 qne
1738 4725 1890 4790 licet
1932 4726 2046 4790 deo
2092 4725 2297 4803 dante,
2341 4723 2538 4806 sopite
2585 4724 2749 4803 sunt,
2805 4725 3017 4788 tamen
3062 4720 3267 4785 adhuc
