3620 5282
548 323 677 390 348

548 517 830 565 raremus
875 499 1004 564 ullo
1050 500 1266 581 mod03
1311 501 1681 583 procurante
1726 497 1895 564 dicto
1944 499 2154 564 nostro
2217 495 2541 579 capitaneo
2605 514 2748 561 cnm
2816 496 2940 561 hiis
3009 497 3074 560 et
3134 493 3287 559 aliis

553 586 757 652 verbis
804 588 868 651 et
910 587 1279 666 rationibus,
1326 607 1445 671 que
1490 607 1596 652 sue
1641 586 1947 669 sapientie
1993 585 2387 662 videbuntur,
2434 585 2507 648 de
2537 582 2819 649 habendo
2852 584 3051 649 dictos
3084 582 3289 648 male-

552 673 815 738 factores
861 673 924 738 in
971 674 1260 740 manibus
1306 677 1440 740 suis
1489 676 1555 739 et
1599 674 2061 740 restitutionem
2110 673 2420 755 integram
2465 670 2840 737 ablatorum.

762 761 1002 826 Debeat
1039 762 1334 828 similiter
1380 765 1545 828 idem
1589 764 1797 828 noster
1845 762 2206 844 capitaneus
2252 760 2340 824 ire
2379 760 2458 824 ad
2499 759 2708 824 locum
2740 758 3051 838 Dalmisii,
3086 776 3279 841 agra-

551 846 751 913 vando
798 867 864 912 se
907 848 983 912 de
1029 851 1305 915 novitate
1350 870 1460 933 per
1504 868 1606 915 eos
1652 850 1935 927 comissa,
1999 851 2063 913 et
2129 846 2205 912 de
2267 846 2413 912 aliis
2477 846 2881 924 novitatibus,
2954 865 3074 929 qne
3122 864 3280 928 quo-

555 934 707 1000 tidie
752 935 1231 1003 committuutur
1274 957 1382 1020 per
1425 955 1550 1018 eos,
1618 936 1695 1001 de
1740 937 2136 1002 restitutione
2203 935 2574 1013 ablatorum,
2622 952 2696 999 ac
2741 934 2829 999 eis
2877 932 3278 1012 notificando,

549 1022 711 1104 quod
758 1022 1024 1088 intencio
1088 1026 1303 1090 nostra
1362 1025 1609 1108 penitus
1668 1027 1766 1090 est
1827 1024 2119 1089 denotare
2179 1022 2575 1087 serenissimo
2621 1021 2868 1087 domino
2907 1023 3039 1105 regi
3090 1020 3275 1085 Hun-

552 1110 724 1191 garie
771 1112 1100 1187 novitates,
1149 1131 1267 1195 que
1313 1112 1588 1195 quotidie
1637 1132 1742 1194 per
1782 1130 1889 1177 eos
1936 1111 2209 1177 indebite
2254 1109 2656 1186 inferruntur,
2717 1126 2834 1173 uon
2883 1108 3277 1183 dubitantes,

552 1197 711 1279 quod
760 1198 892 1280 ipse
937 1197 1225 1265 dominus
1280 1218 1386 1264 rex
1447 1200 1779 1282 superinde
1844 1202 2160 1282 tamquam
2225 1216 2405 1262 verus
2472 1198 2712 1262 amicus
2758 1196 2955 1261 nostri
3003 1194 3278 1261 dominii

554 1284 767 1365 procul
814 1285 998 1351 dubie
1039 1285 1427 1368 providebit;
1494 1288 1831 1352 amonendo
1894 1291 2104 1351 tamen
2167 1304 2270 1350 eos
2339 1284 2593 1350 interim
2640 1293 2704 1350 et
2746 1285 3055 1362 continuo,
3107 1283 3279 1367 quod

552 1372 674 1436 sibi
721 1376 980 1438 caveant
1025 1373 1184 1438 tales
1232 1374 1332 1438 vel
1383 1375 1621 1440 similes
1665 1375 1975 1441 novitates
2005 1373 2354 1452 comittere,
2390 1373 2462 1436 ut
2494 1391 2615 1438 non
2646 1372 2986 1438 habeamus
3017 1388 3280 1436 causam

552 1459 906 1541 providendi
946 1479 1055 1542 per
1106 1462 1374 1540 modum,
1429 1463 1533 1546 qui
1578 1462 1810 1527 forsam
1856 1461 1949 1526 eis
1994 1463 2247 1527 cederet
2293 1459 2657 1525 multimode
2705 1461 3073 1534 molestum3
3137 1477 3283 1540 pro·

550 1549 807 1612 curante
844 1547 1009 1612 dicto
1054 1553 1261 1613 nostro
1307 1549 1627 1632 capitaneo
1669 1568 1813 1615 cum
1858 1549 1978 1615 hiis
2023 1553 2087 1614 et
2128 1548 2271 1614 aliis
2319 1548 2523 1614 verbis
2570 1548 2648 1614 de
2686 1547 3018 1613 obtinendo
3067 1546 3280 1611 inten-

552 1634 795 1701 cionem
842 1637 1115 1700 nostram
1162 1635 1522 1717 predictam.
2388 1657 2395 1666 ·

763 1723 995 1787 Verum
1043 1723 1098 1787 si
1143 1724 1350 1789 dictus
1395 1728 1605 1789 noster
1650 1722 2007 1806 capitaneus
2053 1723 2336 1800 sentiret,
2386 1723 2614 1789 banum
2662 1722 2982 1789 Sclavonie
3028 1741 3168 1787 esse
3198 1723 3278 1788 ad

555 1809 860 1875 marinam
910 1812 971 1874 in
1020 1811 1174 1886 loce,
1222 1810 1301 1875 ad
1350 1831 1531 1894 quem
1582 1812 1712 1892 ipse
1760 1814 1967 1894 posset
2011 1810 2287 1877 habilem
2334 1812 2423 1875 ire
2467 1811 2544 1876 ad
2605 1810 2978 1894 loquendum
3028 1828 3271 1889 secum,

554 1896 719 1980 qnod
768 1899 900 1981 ipse
942 1902 1235 1981 procuret
1279 1917 1416 1964 esse
1464 1918 1605 1964 cum
1652 1899 1819 1964 dicto
1865 1899 2084 1977 banno,
2134 1899 2232 1963 cui
2286 1898 2538 1964 refferat
2569 1897 2781 1964 omnia
2809 1898 3274 1981 suprascripta,

438 2007 471 2060 γ’
550 1987 929 2067 procurando
975 1987 1052 2051 ab
1098 2004 1168 2051 eo
1215 1987 1512 2064 obtinere,
1565 2005 1672 2070 pro
1721 1988 1793 2051 ut
1838 1987 2120 2071 superius
2168 1987 2407 2052 dictum
2457 1986 2574 2053 est.

636 2091 817 2153 Masta·
865 2090 1127 2156 XLIII.
1176 2096 1278 2170 59,
1325 2112 1367 2153 u
1400 2095 1555 2154 mlet.
1601 2095 1836 2154 arkivu.

776 2316 1328 2402 CCCCXCIV.
1397 2319 1604 2403 God.
1668 2319 1895 2404 1395.
1950 2317 2044 2401 27
2099 2318 2474 2420 svibnja,
2526 2341 2587 2400 u
2642 2317 3038 2401 Mlctcih.

544 2461 854 2535 Kneyim‘a
898 2460 1128 2522 Senska
1173 2463 1450 2536 dapason,
1512 2463 1592 2522 da
1657 2465 1714 2523 si
1758 2463 2055 2523 Mletcani
2094 2462 2217 2535 poa
2257 2462 2505 2536 njekimi
2543 2464 2728 2536 uvjeti
2767 2461 3006 2535 pricio-be
3042 2462 3150 2534 jos
3190 2477 3266 2519 ω

547 2549 630 2607 tri
669 2549 884 2623 yodine
924 2550 1080 2623 yrad
1123 2551 1324 2623 mesia
1373 2549 1683 2624 Haspurk,
1729 2547 1847 2611 ako
1893 2552 1940 2609 li
1979 2568 2060 2625 qa
2104 2550 2240 2609 nebi
2275 2551 2439 2623 prdie
2476 2551 2718 2623 mesina
2764 2550 2967 2618 brada,
3025 2549 3271 2608 knesom'

1514 2640 1759 2715 yoridki,
1803 2638 2061 2712 izkupiti
2104 2638 2294 2712 latiali.

764 2755 947 2822 1395.
993 2759 1089 2822 die
1137 2759 1379 2825 XXVII
1425 2760 1596 2824 maii.
1646 2758 1875 2842 Capta:
1947 2778 2087 2824 cum
2154 2759 2459 2843 magister
2522 2757 2832 2824 Henricus
2893 2758 2970 2823 de
3034 2757 3262 2823 Belde·

548 2845 792 2911 mandis
839 2846 1129 2930 physicus
1173 2847 1413 2912 venerit
1458 2849 1532 2913 ad
1582 2849 1814 2913 certam
1863 2847 2371 2929 compositionem
2416 2864 2558 2911 cum
2625 2846 2958 2930 magnifica
3002 2845 3263 2909 domina

546 2933 872 2998 comitissa
914 2935 1139 3018 Segnie
1187 2936 1247 2999 in
1298 2934 1484 3000 factis
1528 2935 1873 3017 Raspurch,
1918 2955 2026 3018 per
2070 2953 2257 3017 quam
2306 2937 2440 3017 ipsa
2484 2935 2584 2999 est
2612 2937 2901 3000 contenta
2932 2933 3258 2997 dimittere

545 3020 722 3086 nobis
768 3023 967 3086 adhuc
1014 3023 1217 3103 ipsum
1276 3025 1555 3087 castrum
1620 3040 1726 3104 per
1782 3024 1914 3086 tres
1983 3041 2195 3098 annos,
2259 3022 2634 3088 incohandos
2690 3022 2889 3104 prima
2953 3021 3053 3085 die
3115 3019 3257 3084 iulii

546 3108 827 3190 proximi,
877 3108 1049 3174 salvo
1098 3109 1150 3173 si
1199 3109 1429 3175 domini
1477 3111 1732 3176 comites
1777 3109 2024 3175 Goricie
2071 3109 2298 3175 fratres
2340 3109 2435 3174 sui
2468 3109 2702 3175 vellent
2735 3126 3097 3190 recuperare
3130 3106 3262 3172 dic-

548 3198 682 3259 tum
728 3194 955 3273 locum,
1005 3216 1142 3261 curn
1193 3198 1561 3265 conditione.
1612 3200 1768 3281 quod
1816 3197 1951 3281 ipsa
1997 3197 2223 3261 habeat
2269 3199 2523 3263 ducatos
2567 3199 2780 3262 decem
2827 3195 3030 3260 millia
3075 3195 3267 3259 duca-

550 3283 777 3360 torum,
827 3301 980 3365 quos
1027 3285 1359 3366 depositari
1417 3286 1567 3351 iecit
1611 3287 1775 3367 apud
1837 3287 2268 3368 procuratores
2324 3285 2398 3349 de
2459 3282 2628 3351 ultra
2688 3286 2943 3350 ducatos
3003 3285 3268 3366 quatuor

547 3369 768 3446 millia,
817 3389 889 3434 ac
934 3372 1168 3436 reditus
1215 3375 1279 3437 et
1321 3372 1614 3437 introitus
1665 3373 1785 3438 loci
1831 3391 1868 3438 a
1912 3372 2077 3437 dicto
2125 3377 2401 3455 tempore
2447 3373 2508 3437 iu
2554 3374 2758 3450 antea,
2787 3370 2991 3436 dando
3037 3370 3265 3435 rectori

546 3462 749 3522 nostro
794 3455 1027 3537 fenum,
1075 3459 1247 3543 ligna
1287 3462 1352 3524 et
1398 3479 1530 3538 ova,
1580 3463 1645 3526 et
1690 3479 1833 3526 cum
1882 3460 2191 3543 aliquibus
2237 3460 2379 3525 aliis
2425 3459 2987 3537 declarationibus;
3035 3459 3114 3523 ad
3147 3477 3266 3541 que

546 3542 846 3609 firmanda
891 3545 957 3609 et
1000 3546 1362 3630 complenda
1406 3547 1542 3630 ipsa
1588 3547 1764 3612 misit
1809 3566 1989 3612 suum
2039 3547 2510 3613 ambaxatorem
2558 3550 2633 3613 ad
2683 3551 2961 3613 nostram
3007 3564 3268 3629 presen-

544 3630 698 3696 tiam
748 3649 887 3696 cnm
938 3631 1229 3699 libertate
1275 3635 1353 3700 ad
1398 3635 1652 3719 plenum
1701 3654 1884 3716 super
1930 3636 2113 3700 dictis
2161 3636 2377 3711 factis;
2427 3634 2603 3701 vadit
2656 3655 2801 3720 pars
2848 3633 3263 3711 considerato,

543 3719 702 3802 quod
750 3718 899 3783 facit
945 3740 1054 3803 pro
1102 3723 1277 3787 nobis
1324 3723 1532 3787 venire
1576 3725 1654 3789 ad
1701 3724 1932 3788 dictam
1982 3723 2514 3806 compositionem,
2562 3724 2721 3806 quod
2768 3722 3106 3805 collegium
3155 3720 3265 3785 do-

546 3807 718 3885 mini,
766 3807 1279 3887 consiliariorum,
1325 3810 1602 3894 capitum
1650 3813 1716 3875 et
1760 3811 2115 3893 sapientum
2163 3811 2405 3876 consilii
2455 3811 2683 3877 habeat
2721 3811 3082 3876 libertatem
3117 3827 3265 3875 con-

542 3895 831 3959 cludendi
878 3898 942 3959 et
987 3896 1274 3962 firmandi
1322 3898 1552 3962 dictam
1599 3897 2107 3981 compositionem
2155 3917 2263 3980 per
2297 3901 2547 3965 modum
2580 3899 2950 3982 predictum,
2984 3896 3264 3963 faciendo

542 4000 616 4045 ex
661 3981 805 4047 inde
849 3982 980 4048 fieri
1029 3984 1458 4062 instrumenta,
1508 4005 1625 4068 que
1670 3986 1903 4051 fuerint
1946 3988 2267 4069 oportuna.
2313 3986 2405 4051 De
2453 3990 2623 4069 parte
2672 3985 2774 4060 78,
2836 3984 2913 4051 de
2983 4004 3103 4049 non
3157 3984 3266 4063 14,

542 4088 662 4134 non
709 4070 931 4136 sinceri
979 4072 1038 4136 3.

628 4176 869 4239 Secreta
920 4167 1192 4240 Consilii'
1217 4181 1582 4256 Royatorum
1630 4182 1707 4242 R.
1759 4178 1910 4252 114,
1957 4199 1999 4241 u
2045 4182 2202 4242 mlet.
2250 4183 2483 4242 arkivu.

867 4383 1366 4469 CCCCXCV.
1421 4387 1623 4470 God.
1688 4387 1914 4472 1395.
1970 4388 2021 4470 8
2076 4387 2384 4490 lipnja,
2437 4411 2498 4470 u
2550 4387 2941 4471 Mlctcih.

750 4526 847 4590 Ad
882 4527 1346 4609 requisitionem
1396 4528 1663 4613 Progani
1713 4529 2025 4594 Duchaini
2089 4531 2154 4594 et
2198 4550 2344 4595 suae
2389 4528 2615 4608 uxoria,
2663 4528 2887 4593 sororis
2954 4530 3266 4610 quondam

541 4612 772 4677 domini
822 4613 1138 4693 Durachii,
1189 4636 1296 4699 per
1342 4636 1491 4699 quos
1538 4617 1888 4700 respublica
1918 4616 2143 4683 habuit
2172 4621 2447 4684 castrum
2473 4616 2659 4695 Lesii,
2692 4614 3071 4694 conceditur,
3105 4615 3263 4697 quod

556 4698 693 4781 ipse
739 4700 1057 4784 Proganus
1102 4703 1302 4800 possit
1345 4723 1455 4788 pro
1501 4705 1705 4773 lubitu
1773 4723 1887 4771 suo
1959 4705 2264 4789 inspicere
2321 4705 2590 4771 rationes
2659 4701 3024 4769 introituum
3094 4702 3268 4769 illius
