3620 5282
3024 381 3154 447 333

416 556 682 623 merario
728 558 905 642 Pagi,
954 558 1168 624 comiti
1200 557 1396 637 Nono,
1443 559 1507 623 et
1554 557 1885 624 comitibus
1934 558 2148 642 Vegle‚
2212 557 2276 622 et
2319 556 2529 621 comiti
2559 556 2744 620 Kersi
2793 558 2857 622 et
2900 556 3154 637 Auseri‚

362 702 369 707 ,
420 646 582 729 quod
627 646 897 712 debeant
959 648 1107 710 tunc
1164 650 1225 712 et
1271 647 1344 710 de
1407 649 1609 711 cetero
1672 648 1875 711 facere
1938 646 2270 729 diligenter
2333 643 2521 709 scribi
2586 647 2651 709 et
2697 645 2900 708 notari
2944 647 3144 709 totam

383 735 832 816 -quantitatem
879 733 1049 812 salis,
1091 735 1194 815 qui
1257 733 1566 798 levabitur
1627 734 1690 797 in
1753 753 1965 798 eorum
2013 731 2440 816 regiminibus,
2506 734 2570 796 et
2631 730 2828 796 facere
2905 733 3151 815 publice

374 823 588 887 omni
634 841 791 905 anno
836 821 1084 900 cridari,
1132 822 1292 905 quod
1339 823 1545 886 nullus
1612 823 1835 887 audeat
1894 822 1970 885 (16
2041 823 2175 905 ipso
2237 820 2365 884 sale
2431 820 2693 884 vendere
2749 821 2858 884 aut
2904 819 3153 884 mittere

418 912 590 974 extra
636 910 766 973 sine
813 909 1064 974 licentia
1110 915 1177 981 etr
1216 928 1516 975 consensu
1563 910 1873 975 dictorum
1924 909 2040 973 sub
2088 926 2247 992 pena
2314 907 2606 991 perdendi
2655 908 2850 972 salem
2897 908 2995 972 vel
3042 926 3154 973 va-

417 999 635 1062 lorem.
683 998 767 1061 Et
812 998 1314 1081 quandocumque
1362 997 1587 1080 aliquis
1638 997 1903 1062 voluerit
1945 996 2263 1061 extrahere
2320 995 2552 1072 salem,
2618 995 2927 1077 accipiant
2974 994 3150 1060 suffr-

419 1086 684 1150 cientem
733 1084 1085 1166 plezariam‚
1136 1086 1298 1168 quod
1339 1085 1415 1148 de
1464 1087 1597 1168 ipso
1662 1105 1779 1150 non
1845 1085 2194 1167 portabitur
2260 1083 2337 1147 ad
2401 1083 2676 1165 aliquem
2734 1083 2939 1147 locum
2986 1083 3154 1147 infra

420 1173 678 1237 confinia
723 1173 1282 1238 Polmentariarum
1332 1179 1394 1237 et
1439 1172 1712 1237 Arimini
1760 1192 1972 1238 versus
2021 1171 2345 1250 VeneciaS,
2385 1173 2448 1236 et
2495 1170 2657 1254 quod
2705 1169 2865 1235 infra
2912 1171 3155 1235 certum

419 1261 753 1326 terminum
793 1260 1026 1325 faciant
1071 1262 1275 1325 venire
1322 1260 1775 1325 contraiitteras
1817 1260 1892 1324 (16
1922 1260 2092 1339 16616,
2142 1259 2302 1324 unde
2329 1259 2646 1341 portatum
2680 1257 2869 1323 fuerit
2913 1258 3151 1323 dictum

418 1348 533 1427 sal,
582 1348 853 1431 qualiter
897 1349 1048 1413 illuc
1092 1350 1380 1431 portatus
1426 1347 1632 1425 fuerit,
1700 1348 1815 1412 sub
1879 1346 2053 1429 penis
2118 1347 2441 1429 predictis,
2513 1345 2833 1410 scribendo
2898 1345 3147 1410 nomina

418 1439 816 1518 patronorum
864 1437 930 1501 et
975 1436 1450 1501 marinariorum
1502 1436 1912 1518 navigiorum,
1967 1454 2108 1499 cum
2157 1434 2379 1516 quibus
2427 1433 2794 1516 portabitur,
2845 1435 2908 1498 et
2953 1434 3147 1498 etiam

421 1526 860 1599 mercatorum,
908 1524 1013 1605 qui
1059 1525 1323 1589 emerint
1367 1524 1581 1602 salem,
1625 1526 1697 1588 ut
1741 1523 1887 1587 sciri
1934 1523 2128 1605 possit
2175 1522 2464 1586 continue
2510 1521 2584 1584 de
2631 1521 3142 1587 commitentibus

417 1612 543 1676 ista
586 1612 1027 1689 contrabanna,
1096 1614 1161 1676 et
1205 1612 1454 1695 exigant
1514 1630 1549 1676 a
1589 1610 2175 1676 contrafacientibus
2225 1627 2444 1691 penas,
2505 1608 2806 1673 habentes
2855 1610 3150 1692 quartum

420 1716 654 1777 earum,
701 1701 766 1763 et
811 1699 1114 1780 reliquum
1165 1702 1249 1765 sit
1294 1699 1659 1778 communis,
1708 1700 1771 1762 et
1816 1699 1869 1763 si
1914 1699 2231 1763 accusator
2276 1696 2498 1776 fuerit,
2569 1715 2679 1779 per
2724 1715 2904 1779 quem
2953 1697 3151 1762 habe-

419 1788 559 1852 atur
604 1786 850 1865 veritas,
896 1786 1125 1852 habeat
1171 1789 1359 1852 etiam
1408 1790 1717 1869 quartum.
2159 1813 2180 1847 2

630 1873 922 1939 Ceterum
969 1893 1109 1940 cum
1159 1874 1434 1940 Zaninus
1482 1875 1668 1939 Vidal
1713 1873 1976 1939 condam
2024 1892 2123 1937 ser
2171 1870 2509 1937 Clementis
2556 1872 2751 1936 sancti
2798 1870 3150 1953 Raphaelis

420 1962 695 2026 enormia
739 1961 967 2026 delicta
1013 1963 1430 2027 commisserit
1476 1962 1540 2025 in
1587 1963 1841 2026 civitate
1888 1964 2116 2039 nostra,
2166 1963 2417 2042 captum
2467 1958 2586 2024 fuit
2633 1959 2694 2023 in
2727 1960 2956 2023 nostris
3004 1977 3151 2024 con·

419 2049 578 2114 siliis
626 2049 850 2115 minori
898 2052 962 2114 61
1006 2051 1116 2114 XL
1171 2051 1335 2115 1353
1384 2050 1613 2114 mensis
1662 2049 2030 2128 novembriS,
2096 2048 2256 2130 quod
2304 2047 2388 2112 sit
2435 2047 2682 2112 banitus
2729 2046 3146 2112 (16-6611111166

420 2138 604 2202 terris
651 2137 899 2201 6116616
946 2139 1243 2203 subiectis
1304 2141 1512 2202 nostro
1575 2137 1867 2202 dominio.
1944 2137 2026 2201 Et
2088 2138 2412 2218 propterea
2475 2135 2591 2200 tibi
2657 2135 3139 2214 committimu8‚

422 2226 603 2307 quod,
651 2225 706 2289 si
751 2225 813 2289 in
863 2225 1142 2306 partibus
1190 2225 1281 2290 tui
1331 2225 1650 2308 regiminis
1697 2224 1950 2307 reperiri
1998 2223 2367 2306 contigerit,
2430 2242 2571 2287 eum
2620 2222 2759 2307 capi
2804 2222 3031 2300 facias,
3083 2224 3147 2286 et

419 2312 496 2376 ad
539 2331 648 2377 nos
696 2313 809 2377 sub
854 2313 979 2377 fida
1016 2314 1295 2378 custodia
1339 2313 1403 2377 in
1449 2313 1685 2378 catenis
1724 2312 1937 2377 ferreis
1988 2312 2203 2376 mittas
2253 2312 2571 2390 VeneciaS,
2624 2312 2797 2376 61(16
2832 2310 2965 2393 ipso
3006 2310 3150 2375 fieri

419 2401 618 2483 possit
659 2400 910 2464 iusticia
956 2403 1257 2466 ordinata.
1652 2402 1659 2407 ’

624 2488 710 2552 Et
759 2505 880 2551 non
926 2492 1101 2570 potes
1148 2490 1264 2554 sub
1310 2488 1522 2553 debito
1570 2489 1941 2553 sacramenti
1989 2507 2096 2569 per
2142 2488 2342 2552 totum
2388 2489 2633 2568 tempus
2682 2485 2773 2550 tui
2822 2485 3147 2569 regiminis

421 2579 485 2639 et
528 2595 639 2659 per
686 2594 878 2639 unum
926 2595 1150 2643 annum
1228 2578 1370 2660 post
1415 2576 1777 2643 contrahere
1823 2574 1922 2639 vel
1968 2575 2256 2639 contrahi
2303 2573 2504 2639 facere
2550 2574 3015 2638 matrimonium
3038 2591 3150 2637 1166

420 2664 758 2748 impetrare
804 2683 910 2728 seu
951 2665 1268 2747 impetrari
1315 2665 1515 2731 facere
1562 2665 1836 2747 aliquam
1883 2663 2256 2746 prebendam
2306 2662 2402 2728 vel
2468 2663 2835 2727 beneficium
2882 2662 2943 2726 in
2993 2661 3147 2727 16616

419 2753 512 2817 161
557 2752 878 2835 regiminis
923 2772 1029 2834 pro
1074 2755 1159 2831 te,
1208 2753 1373 2831 filiis,
1423 2757 1532 2817 aut
1578 2753 1739 2830 aliis,
1789 2771 1899 2816 nec
1947 2768 2271 2833 procurare
2333 2752 2443 2815 aut
2493 2752 2781 2829 tractare,
2830 2749 2992 2832 quod
3029 2749 3148 2815 1166

421 2841 576 2904 fiant
620 2859 727 2921 pro
771 2842 832 2904 te
879 2841 979 2905 vel
1024 2841 1165 2905 aliis
1211 2840 1338 2906 ullo
1384 2841 1581 2905 modo.

632 2927 803 2993 Scire
851 2929 1039 2992 etiam
1086 2929 1291 3008 (161166,
1341 2930 1503 3011 quod
1554 2930 1800 3011 propter
1845 2926 2217 2991 horrendum
2262 2944 2580 2990 excessum
2627 2925 3029 2990 commissum
3078 2925 3141 2989 in

426 3032 751 3098 personam
796 3015 1168 3080 Hermellini
1207 3016 1282 3080 (16
1330 3016 1541 3080 Musto
1589 3016 1741 3080 civis
1789 3014 1986 3078 nostri
2048 3032 2120 3078 ex
2165 3015 2436 3078 tractatu
2483 3011 2699 3078 Zanini
2759 3011 3140 3095 Superancio

426 3103 763 3185 campsoris
805 3104 1004 3168 sancti
1049 3104 1279 3182 Severi,
1321 3104 1425 3186 qui
1472 3103 1773 3168 diabolico
1819 3102 2041 3184 spiritu
2081 3101 2454 3184 instigatae,
2517 3100 2722 3181 ipsum
2767 3101 3146 3165 assassinari

423 3193 487 3255 et
532 3190 725 3255 occidi
765 3192 1043 3273 nequiter
1088 3192 1235 3255 fecit
1279 3211 1386 3274 per
1419 3192 1702 3255 Blasium
1730 3190 2198 3272 Marangonum,
2247 3189 2321 3253 de
2355 3209 2474 3272 quo
2501 3189 2709 3254 Blasio
2753 3188 2880 3253 iam
2925 3188 3148 3253 debita

424 3279 673 3343 iusticia
716 3277 883 3342 facta
944 3280 1060 3343 est.
1132 3278 1400 3361 Captum
1467 3281 1564 3343 est
1624 3299 1732 3362 per
1795 3295 1906 3342 nos
1954 3280 2017 3340 61
2063 3280 2275 3341 nostra
2320 3277 2597 3353 consilia,
2649 3277 2855 3341 minus
2900 3278 2965 3341 et
3014 3276 3146 3354 XL,

422 3365 583 3449 quod
629 3367 832 3430 dictus
880 3366 1145 3431 Zaninus
1185 3367 1515 3432 banniatur
1560 3368 1857 3449 perpetuo
1889 3367 1961 3429 de
1993 3365 2277 3429 omnibus
2303 3365 2490 3430 terris
2539 3368 2603 3429 et
2648 3363 2799 3430 locis
2847 3365 3149 3429 subiectis

420 3455 630 3526 nostro
676 3453 965 3532 dominio,
1010 3457 1075 3519 et
1114 3454 1297 3536 quod,
1345 3454 1714 3536 quicumque
1740 3454 1946 3534 ipsum
1991 3452 2169 3516 dabit
2215 3454 2421 3518 vivum
2467 3452 2531 3517 in
2575 3453 2825 3517 fortiam
2870 3451 3150 3517 domina-

420 3540 626 3620 116616,
674 3541 906 3606 11611661
950 3560 986 3606 6
1031 3544 1240 3606 1166116
1287 3543 1601 3607 communi
1647 3541 1905 3606 ducatos
1951 3542 2215 3622 quatuor
2242 3543 2492 3604 centum
2536 3541 2692 3605 auri.
2745 3539 2948 3618 Quare
2979 3558 3151 3605 com-

425 3629 737 3693 mittimus
783 3628 919 3708 tibi,
970 3631 1127 3713 quod
1174 3631 1319 3694 dare
1367 3630 1592 3695 debeas
1639 3648 1885 3713 operam
1925 3629 2003 3691 ad
2048 3629 2253 3712 ipsum
2279 3628 2581 3692 Zaninum
2616 3629 2752 3710 capi
2800 3626 3144 3692 faciendum

422 3716 487 3780 in
531 3716 812 3800 partibus
860 3717 955 3781 tui
1000 3716 1346 3800 regiminiS,
1393 3719 1458 3782 et
1503 3718 1704 3799 ipsum
1750 3716 1865 3781 sub
1929 3716 2087 3780 bona
2146 3715 2428 3781 custodia
2483 3715 2547 3780 in
2612 3716 2849 3780 catenis
2910 3714 3125 3779 ferreis

420 3802 637 3869 mittas
683 3804 762 3868 ad
804 3822 915 3869 nos
961 3804 1299 3870 secundnm
1348 3805 1658 3870 iusticiam
1707 3802 2105 3888 puniendum.

628 3891 872 3957 Jurasti
912 3894 1248 3972 proficuum
1293 3895 1358 3959 et
1402 3895 1692 3957 honorem
1754 3891 2154 3957 Venetiarum
2209 3890 2424 3969 eundo,
2471 3888 2687 3955 stando
2721 3891 2785 3955 et
2814 3888 3144 3954 redeund0.

632 3980 866 4043 Datum
913 3981 1029 4044 sub
1077 3980 1284 4063 sigillo
1332 3982 1454 4044 mei
1502 3979 1814 4045 Francisci
1855 3978 2195 4044 Lauredani
2245 3977 2493 4043 maioris
2524 3977 2885 4042 consiliarii.
2928 3977 3146 4041 Mille-

427 4066 582 4131 simo
626 4066 940 4147 CCCLVI,
992 4068 1327 4133 indictione
1376 4086 1557 4148 nona,
1604 4068 1703 4132 (116
1744 4067 2201 4149 quintodecimo
2245 4066 2517 4149 augusti.

509 4158 859 4218 Marciana.
922 4160 1314 4220 Manoscritti
1360 4160 1557 4237 latini,
1605 4159 1790 4219 classe
1841 4157 2016 4218 XIV.
2064 4175 2120 4217 n.
2171 4160 2272 4218 71.
2337 4157 2620 4217 Izvornik
2665 4171 2748 4215 na
2789 4156 3145 4232 peryameni.

629 4347 1188 4430 ccccxcvl.
1246 4346 1453 4430 God.
1509 4347 1733 4431 1356.
1788 4348 1889 4428 16
1935 4346 2380 4446 kolovoza‚
2430 4368 2491 4427 u
2543 4345 2935 4427 Mletcih.

417 4474 650 4535 Nalaie
694 4490 756 4533 se
801 4474 989 4534 knezu
1038 4475 1526 4548 ἀαὸνουαόἷσοπια,
1578 4475 1657 4533 da
1701 4475 1871 4547 nJeke
1905 4475 2159 4535 zlobince
2201 4474 2409 4532 ahvati
2453 4474 2478 4532 i
2520 4491 2563 4531 u
2607 4473 2837 4532 Mlctkc
2875 4473 3144 4548 odpravi.

633 4594 820 4658 1356.
871 4593 969 4658 die
1016 4594 1164 4658 XVI
1214 4595 1483 4677 augusti.
1533 4593 1705 4673 Quod
1754 4593 2061 4658 scribatur
2120 4592 2333 4658 comiti
2379 4592 2641 4675 Ragusii
2704 4594 2777 4657 de
2823 4592 2958 4672 his,
3027 4614 3143 4676 que

419 4682 668 4764 scripsit
707 4681 881 4746 nobis
926 4682 1285 4764 capitaneus
1329 4682 1538 4765 culphi
1580 4684 1795 4746 contra
1842 4682 2154 4746 Victorem
2191 4679 2524 4744 Valentino
2574 4681 2908 4763 patronum
2957 4682 3138 4745 unius

418 4770 679 4836 condure
724 4773 787 4834 et
832 4789 1014 4835 suum
1037 4772 1319 4850 nautam,
1361 4771 1427 4834 et
1462 4769 1621 4853 quod
1665 4768 1937 4851 inquirat
1960 4767 2290 4850 diligenter
2336 4765 2412 4830 (16
2457 4767 2620 4831 facto
2646 4766 2920 4850 predicto
2952 4785 3135 4849 quam
