3620 5282
3003 351 3131 430 265

406 556 770 635 tentionem,
839 573 1022 640 quam
1084 524 1276 621 invite
1344 555 1768 639 exprimimuS,
1838 555 1984 639 quia
2050 555 2369 637 vellemus,
2441 556 2603 639 quod
2669 556 2800 640 ipse
2845 555 3132 623 dominus

413 645 575 711 foret
620 662 806 709 sanus
852 645 915 708 et
960 649 1177 728 potens
1224 643 1301 709 ad
1348 645 1819 710 substinendum
1869 662 1937 710 se
1982 647 2048 709 et
2090 647 2329 710 statum
2377 663 2578 723 suum,
2613 645 2868 710 dicendo
2910 647 3130 721 eidem,

417 733 597 816 quod,
642 733 695 797 si
740 732 1175 798 condescendit
1220 731 1299 797 ad
1357 731 1495 810 boc,
1561 750 1666 797 nos
1733 752 1950 797 sumus
2012 732 2303 811 contenti,
2376 736 2540 815 quod
2601 732 2799 816 possit
2866 736 3028 799 stare
3068 735 3133 799 in

418 840 600 906 quem
648 820 924 887 locorum
972 823 1323 886 nostrorum
1368 821 1509 904 plus
1556 822 1612 886 ei
1660 821 1888 903 placet,
1935 821 2100 887 sicut
2142 820 2302 887 alias
2346 822 2530 905 petiit
2576 824 2641 887 et
2692 822 2890 887 voluit
2936 822 3134 887 facere
3263 853 3264 856 ¹

418 909 724 992 quondam
768 909 1052 974 dominus
1097 911 1275 992 pater
1323 928 1471 974 suus
1516 908 1776 974 intimus
1820 911 2057 975 amicus
2105 909 2301 975 nostri
2371 908 2650 988 dominii,
2715 913 2780 976 et
2844 911 2906 976 in
2967 908 3134 975 dicto

422 1015 564 1063 casu
639 997 724 1062 sit
801 999 863 1061 in
938 997 1228 1063 libertate
1304 997 1496 1080 ipsius
1563 995 1892 1079 provisoris
1949 998 2143 1063 nostri
2190 998 2589 1081 promittendi
2639 997 2838 1065 eidem
2886 999 3132 1063 domino

423 1104 616 1168 usque
660 1087 736 1151 ad
783 1104 1095 1151 summam
1144 1085 1509 1151 ducatorum
1557 1085 1676 1150 VII
1724 1088 1973 1151 centum
2020 1086 2081 1151 in
2130 1104 2288 1152 anno
2351 1090 2415 1150 et
2472 1087 2612 1151 inde
2659 1085 2821 1152 infra
2865 1104 2976 1170 pro
3023 1104 3134 1152 sua

426 1174 771 1256 provisione
816 1175 879 1238 in
927 1175 1056 1239 vita
1101 1192 1232 1250 sua,
1281 1174 1496 1240 Eciam
1543 1174 1699 1256 quod
1746 1172 1945 1238 dictos
2008 1175 2263 1240 ducatos
2323 1173 2444 1240 VII
2503 1178 2747 1239 centum
2811 1175 2907 1241 vel
2967 1174 3134 1241 circa

420 1262 719 1327 faciemus
766 1262 922 1326 solvi
969 1261 1045 1327 de
1077 1262 1252 1326 bonis
1287 1263 1474 1326 nostri
1508 1262 1873 1327 communis,

626 1350 711 1414 Et
754 1350 806 1414 si
852 1349 1134 1416 dominus
1182 1350 1482 1415 Durachii
1527 1349 1987 1416 contentabitur
2032 1351 2104 1415 de
2148 1351 2281 1431 hoc,
2328 1350 2391 1415 et
2421 1350 2580 1434 quod
2614 1350 2720 1416 det
2751 1351 2814 1417 in
2848 1350 3134 1417 manibus

419 1439 649 1504 nostris
718 1437 1074 1503 fortiliciam
1122 1441 1185 1503 et
1230 1441 1504 1504 castrum
1569 1438 1927 1522 principale,
1975 1456 2083 1504 seu
2128 1437 2357 1504 forsam
2404 1440 2565 1522 quod
2611 1439 2673 1504 in
2720 1438 3134 1523 applicatione

419 1544 532 1590 sua
577 1528 653 1592 ad
701 1528 909 1609 partes
956 1526 1252 1592 Durachii
1298 1526 1597 1610 reperiret
1639 1527 1842 1609 ipsum
1890 1525 2203 1592 dominum
2250 1529 2584 1599 mortuum,
2616 1526 2763 1611 quia
2795 1530 2864 1593 ut
2896 1528 3134 1593 dictum

420 1616 517 1680 est
560 1614 766 1699 potius
812 1617 1093 1698 speratur
1139 1616 1213 1679 de
1262 1617 1461 1680 morte
1506 1632 1692 1698 quam
1746 1615 1821 1679 de
1869 1615 2017 1693 vita,
2065 1618 2128 1681 et
2173 1615 2331 1698 quod
2378 1614 2597 1680 civitas
2666 1617 2985 1681 teneretur
3030 1634 3135 1681 no·

419 1702 586 1768 mine
655 1704 850 1768 nostri
912 1703 1190 1781 dominii,
1253 1703 1476 1769 debeat
1542 1703 2031 1786 vicecapitaneus
2097 1706 2303 1770 noster
2355 1702 2501 1769 culli
2546 1721 2767 1787 ponere
2813 1704 2877 1769 in
2922 1703 3127 1770 castro

418 1791 715 1857 Durachii
761 1791 1081 1856 duodecim
1127 1791 1202 1856 de
1247 1791 1612 1857 ballistariis
1660 1810 1767 1857 sue
1814 1792 1990 1873 galee
2036 1795 2102 1858 et
2145 1792 2499 1859 balistarios
2548 1810 2654 1856 sex
2699 1810 2773 1857 ex
2825 1792 2981 1871 illis,
3028 1790 3133 1893 qui

419 1881 567 1945 sunt
614 1879 676 1944 in
722 1879 881 1945 turri
928 1898 1123 1963 nuper
1165 1879 1450 1947 edificata
1495 1898 1605 1962 per
1649 1897 1778 1945 nos,
1826 1881 1911 1946 Et
1960 1881 2172 1963 postea
2215 1881 2345 1962 ipse
2389 1880 2878 1963 vicecapitaneus
2919 1879 3137 1946 fulciat

418 1987 483 2035 se
531 1967 607 2033 de
655 1968 805 2050 ipsis
853 1968 1219 2034 ballistariis
1257 1970 1320 2033 in
1370 1967 1605 2053 Corfoy,
1653 1968 1717 2034 in
1763 1968 2061 2034 Mothono
2102 1971 2167 2034 et
2213 1967 2446 2035 Corono
2489 1987 2677 2052 quam
2729 1967 2952 2034 melius
2994 1985 3133 2051 por-

416 2057 584 2122 terit.
676 2056 759 2121 Et
803 2058 1039 2122 scribat
1099 2055 1274 2122 nobis
1334 2057 1610 2141 provisor
1673 2059 1736 2122 et
1797 2057 2286 2141 vicecapitaneus
2331 2057 2557 2137 omnia,
2601 2076 2718 2141 que
2768 2056 3028 2122 fecerint
3072 2056 3139 2122 et

415 2144 743 2211 habuerint
787 2164 897 2228 pro
945 2146 1158 2210 nostra
1203 2144 1656 2224 informatione,
1704 2146 1768 2210 et
1810 2146 1865 2211 si
1912 2163 2064 2229 opus
2108 2144 2297 2211 fuerit
2367 2146 2617 2211 mittere
2684 2164 2875 2211 unum
2940 2144 3137 2229 galle-

414 2233 650 2298 dellum
697 2250 807 2316 pro
853 2232 1220 2299 notificando
1267 2234 1439 2299 nobis
1486 2251 1576 2310 ea,
1626 2252 1743 2316 que
1805 2233 2200 2313 occurrerint,
2263 2233 2670 2318 relinquimus
2725 2234 2792 2299 in
2839 2233 3136 2299 libertate

415 2339 520 2386 sua
568 2320 846 2398 fatiendi,
894 2322 1062 2386 sicut
1110 2339 1215 2403 pro
1260 2323 1418 2388 bono
1464 2321 1725 2387 istorum
1773 2323 2149 2404 agendorum
2195 2322 2463 2387 viderint
2518 2321 2820 2406 expedire.

622 2406 734 2473 Ser
780 2408 997 2475 Victor
1043 2409 1388 2487 Valaresso,
1437 2429 1536 2475 ser
1565 2409 1877 2476 Johannes
1910 2408 2183 2493 Capello,
2218 2410 2533 2494 sapientae
2565 2409 2876 2488 ordinum,
2909 2410 3135 2476 volunt

413 2496 703 2579 utsupra
748 2513 889 2562 cum
935 2497 1061 2563 ista
1104 2497 1432 2576 additione,
1480 2499 1639 2582 quod
1684 2497 1738 2562 si
1783 2497 2070 2563 dominus
2120 2498 2413 2564 Durachii
2463 2518 2579 2564 non
2647 2499 3003 2564 attenderet
3055 2498 3133 2564 ad

413 2581 682 2650 dandum
728 2586 905 2650 nobis
949 2584 1153 2652 locum
1185 2589 1247 2650 et
1292 2588 1523 2653 terram
1559 2586 1875 2668 Durachii,
1910 2588 1974 2652 et
2005 2584 2488 2672 vicecapitaneus
2521 2588 2585 2654 et
2613 2586 2891 2672 provisor
2923 2590 3133 2655 noster

407 2671 703 2749 viderent,
751 2675 911 2757 quod
956 2676 1202 2757 propter
1246 2675 1399 2741 istos
1467 2675 1588 2741 VII
1652 2678 1901 2741 centum
1946 2675 2197 2741 ducatos
2267 2677 2552 2741 dominus
2624 2675 2921 2743 Durachii
2966 2675 3128 2743 foret

409 2761 571 2825 male
617 2763 958 2841 contentae,
1007 2766 1072 2827 et
1112 2763 1267 2844 quod
1315 2782 1491 2829 mens
1536 2764 1668 2828 eius
1716 2762 1879 2830 foret
1940 2765 2209 2844 turbata,
2274 2768 2423 2830 tunc
2485 2783 2559 2829 ne
2604 2763 2835 2831 habeat
2880 2783 3131 2831 causam

411 2850 818 2915 submittendi
866 2869 931 2915 se
976 2847 1258 2928 Turcbis,
1306 2852 1456 2917 tunc
1503 2851 1666 2915 dicat
1733 2852 2011 2935 provisor
2072 2851 2275 2918 eidem
2336 2853 2604 2932 domino,
2663 2853 2822 2937 quod
2885 2853 3136 2937 propter

410 2937 788 3021 singularem
840 2939 1322 3006 benivolentiam
1367 2940 1432 3004 et
1476 2957 1769 3018 amorem,
1821 2959 2004 3024 quem
2050 2942 2125 3005 ad
2174 2959 2317 3006 eum
2364 2939 2662 3024 gerimus,
2708 2943 2774 3006 et
2809 2941 2879 3006 ut
2907 2941 3137 3006 babeat

411 3044 661 3090 causam
708 3025 1097 3093 substinendi
1154 3029 1391 3092 statum
1455 3046 1635 3093 suum
1692 3028 1861 3093 sicut
1906 3031 2219 3113 optamu3‚
2264 3047 2476 3095 sumus
2523 3030 2793 3096 contenti
2833 3048 2941 3114 pro
2986 3030 3135 3095 sub-

409 3113 695 3179 ventione
741 3133 853 3181 sua
896 3113 1095 3182 facere
1140 3115 1296 3181 solvi
1342 3115 1539 3182 dictos
1587 3115 1869 3181 denarios
1915 3117 2044 3183 illis
2093 3117 2540 3184 mercatoribus
2585 3117 2825 3184 civibus
2871 3118 3131 3195 nostrls,

414 3202 521 3284 qui
590 3200 819 3268 debent
877 3204 1020 3269 illos
1088 3204 1334 3282 habere,
1384 3208 1448 3269 et
1506 3203 1670 3289 quod
1728 3203 2014 3270 attendat
2081 3205 2159 3270 ad
2222 3205 2745 3272 conservationem
2796 3208 2860 3272 et
2905 3206 3133 3272 bonum

413 3292 615 3355 status
656 3291 786 3367 sui;
855 3294 920 3356 et
986 3293 1040 3357 si
1085 3294 1230 3377 quid
1284 3293 1340 3358 ei
1382 3292 1573 3358 fuerit
1630 3294 2039 3379 opportunum
2087 3297 2216 3360 tam
2263 3294 2339 3359 de
2384 3294 2584 3360 bladis
2634 3312 2825 3378 quam
2871 3293 2948 3360 de
2990 3292 3135 3359 aliis

412 3377 619 3456 rebuS,
669 3397 778 3444 nos
819 3381 1253 3446 subveniemus
1295 3381 1349 3446 ei
1395 3381 1662 3446 libenter
1704 3398 1817 3465 pro
1861 3401 1975 3447 sua
2021 3382 2303 3465 pecunia,
2351 3401 2491 3448 cum
2535 3382 2657 3448 hiis
2704 3385 2768 3449 et
2811 3383 2954 3450 aliie
3000 3401 3137 3449 ver-

407 3466 505 3533 bis
554 3467 951 3550 placibilibus
996 3472 1061 3534 et
1100 3469 1352 3549 dextris,
1401 3490 1518 3553 que
1564 3469 1682 3534 sibi
1732 3469 2126 3536 videbuntur.

618 3555 701 3621 Et
748 3575 818 3621 ex
852 3576 1016 3622 nunc
1047 3557 1409 3628 declaretur,
1441 3557 1602 3642 quod
1635 3559 1686 3623 si
1721 3558 1874 3624 dicti
1905 3557 2141 3623 denarii
2174 3556 2489 3624 debebunt
2528 3560 2683 3625 solvi
2714 3579 2823 3643 per
2854 3563 3135 3626 nostrum

405 3661 750 3723 commune,
798 3645 957 3727 quod
1005 3647 1128 3728 ipsi
1173 3646 1405 3711 denarii
1452 3664 1574 3712 non
1624 3647 1887 3713 debeant
1921 3647 2054 3712 dari
2098 3647 2228 3713 illis
2273 3649 2511 3715 civibus
2558 3648 2785 3714 nostris
2830 3667 3022 3731 usque
3055 3648 3131 3714 ad

405 3731 556 3798 duos
604 3750 792 3799 annos
832 3735 1140 3816 proximos
1184 3770 1272 3781 —
1318 3732 1423 3799 40.

616 3820 785 3886 Nota
811 3821 971 3905 quod
1009 3822 1172 3887 1391
1209 3822 1309 3886 die
1341 3821 1429 3886 Xlr
1458 3821 1675 3905 aprilis
1708 3824 2082 3888 mercatores
2113 3823 2375 3907 predicti
2401 3824 2691 3891 videlicet
2732 3843 2826 3889 ser
2873 3824 3132 3889 Batinus

264 3976 269 3987 ¹
402 3908 477 3972 de
514 3908 700 3986 Pone,
747 3929 847 3975 ser
891 3908 1204 3976 Johannes
1233 3910 1608 3995 Pasqualigo
1639 3912 1705 3976 et
1734 3911 1877 3976 sotii
1910 3911 2258 3977 habuerunt
2297 3914 2361 3977 et
2398 3912 2762 3996 receperunt
2790 3911 3135 3995 suprascri-

405 3998 542 4078 ptos
588 3998 840 4064 ducatos
882 3997 1002 4064 VII
1044 4000 1292 4063 centum
1325 4017 1362 4061 a
1394 3998 1657 4064 dominis
1688 3999 2099 4082 provisoribus
2131 4000 2298 4065 bladi
2330 4001 2675 4066 communis
2709 3999 3131 4066 Venetiamm.

618 4083 728 4150 Ser
774 4087 999 4152 Tomas
1047 4087 1409 4162 Barbadico,
1452 4086 1564 4151 Ser
1608 4087 1882 4153 Blancns
1927 4087 2154 4165 Barbo,
2200 4106 2300 4153 ser
2345 4089 2613 4155 Jacobus
2660 4086 2999 4154 Contareno
3036 4106 3134 4153 sa-

411 4171 646 4251 pientes
693 4175 1001 4239 ordinum.
1050 4175 1358 4239 Volebant
1402 4175 1537 4240 loco
1583 4175 1910 4259 prescripti
1961 4176 2166 4241 ultimi
2214 4178 2473 4260 capituli
2539 4176 2863 4243 videlicet:
2954 4178 3019 4242 et
3079 4175 3130 4242 si

407 4261 690 4331 dominus
737 4262 1038 4327 Durachii
1085 4264 1529 4328 condescendet
1575 4262 1652 4327 ad
1698 4264 1857 4328 hanc
1918 4268 2193 4329 nostram
2227 4267 2232 4273 ’
2264 4265 2692 4345 intentionem,
2741 4265 2813 4330 ut
2853 4262 3131 4348 superins

406 4348 775 4424 continetur,
824 4351 1132 4429 videlicet,
1175 4349 1274 4415 vel
1321 4350 1483 4435 qnod
1522 4350 1846 4435 consignet
1892 4352 2270 4417 Durachium
2316 4354 2379 4418 in
2424 4354 2713 4420 manibus
2758 4354 2986 4419 nostris
3033 4353 3132 4418 vel

406 4435 569 4520 quod
613 4437 898 4503 dominus
939 4439 1239 4504 Durachii
1283 4438 1443 4504 foret
1488 4444 1788 4515 mortuus,
1853 4441 1916 4505 et
1974 4442 2141 4506 terra
2198 4440 2359 4507 foret
2418 4443 2481 4506 in
2530 4442 2815 4507 manibus
2879 4442 3128 4522 nostris,

407 4524 671 4590 debeant
716 4525 865 4590 dicti
911 4528 1115 4591 ducati
1164 4528 1283 4591 VII
1329 4530 1578 4592 centum
1627 4528 1726 4592 vel
1773 4526 1939 4593 circa
1984 4528 2139 4593 solvi
2197 4530 2486 4610 predictis
2516 4530 2746 4595 nostris
2770 4530 3132 4596 mercatori-

404 4612 523 4678 bus
573 4613 648 4678 de
686 4613 1045 4678 introitibus
1091 4614 1168 4679 de
1218 4614 1358 4679 inde
1404 4634 1587 4699 qnam
1642 4616 1903 4682 celerius
1949 4634 2084 4682 esee
2128 4618 2376 4699 poterit.
2435 4618 2517 4683 Et
2571 4618 2624 4682 si
2671 4619 2955 4683 dominus
3000 4618 3131 4682 Du-

403 4700 597 4766 rachii
647 4702 841 4767 stabit
884 4704 1174 4767 constans
1220 4703 1284 4766 in
1333 4703 1592 4768 nolendo
1633 4706 1776 4768 dare
1826 4705 1998 4770 nobis
2067 4703 2376 4770 civitatem
2451 4702 2763 4783 Durachii,
2812 4707 2877 4769 et
2921 4716 3129 4789 perse·

403 4793 650 4854 veraret
689 4789 752 4852 in
800 4789 1084 4871 opinione
1117 4803 1247 4870 sua,
1300 4792 1451 4856 tnnc
1489 4791 1661 4856 dicat
1705 4793 1915 4857 noster
1958 4791 2253 4876 provisor,
2316 4795 2476 4876 quod
2544 4807 2636 4872 ea,
2677 4808 2799 4876 que
2835 4791 3122 4869 diximus,
