3620 5282
425 321 557 387 450

421 521 538 586 que
582 502 915 567 commissa
964 501 1130 566 vobis
1180 502 1559 567 remittimus
1606 505 1670 567 et
1713 503 2046 587 gratiosius
2097 504 2525 587 indulgemus,
2577 505 2669 570 ita
2719 507 2950 583 tamen,
3000 506 3160 589 quod

423 591 636 655 comiti
680 593 883 656 vestro
931 590 1203 672 predicto
1252 590 1326 654 de
1374 591 1635 671 damnis,
1685 611 1800 674 que
1847 592 2079 673 recepit
2124 592 2187 655 in
2236 592 2416 656 bonis
2477 593 2631 671 suiS‚
2699 593 2861 658 sicut
2922 594 3160 658 iustum

420 681 533 755 est,
573 697 679 761 per
725 697 831 743 vos
878 679 1083 742 debite
1129 678 1412 743 satisfiat.
1462 679 1546 742 Et
1593 680 1839 761 insuper
1887 681 2162 745 volentes
2215 681 2430 762 pocius
2512 681 2763 745 credere
2810 681 3018 746 veraci
3064 682 3160 745 in·

417 765 771 830 formationi
819 766 994 830 nobis
1041 768 1266 831 tradite
1316 786 1421 849 per
1485 768 1777 831 comitem
1840 768 2227 832 antedictum
2276 768 2352 832 de
2405 787 2655 851 magna
2703 772 2767 832 et
2812 787 2965 851 pura
3013 768 3162 833 fide-

420 853 600 918 litate
646 856 870 931 vestrn,
920 873 1103 935 quam
1148 854 1304 918 false
1361 856 1743 936 suggestioni
1792 857 2222 938 quorumdam,
2289 856 2451 938 quod
2530 856 2708 920 nobis
2758 875 3010 921 causam
3055 857 3160 921 de-

421 942 597 1006 derat
637 942 888 1006 vocandi
935 940 1012 1005 ad
1074 944 1346 1006 nostram
1408 943 1787 1023 presentiam
1857 943 2095 1025 aliquos
2159 945 2231 1007 de
2296 945 2533 1008 civibus
2597 945 2819 1008 vestris
2925 964 3043 1008 non
3086 946 3161 1009 ad

422 1029 614 1094 alium
655 1028 861 1108 finem,
925 1048 1112 1112 quam
1175 1030 1573 1094 securitatem
1635 1032 1839 1095 status
1888 1031 2096 1112 vestr-i,
2161 1032 2234 1095 de
2301 1031 2525 1114 quibus
2576 1033 2788 1096 tamen
2841 1031 3160 1114 providere

422 1118 758 1181 secundnm
805 1116 1323 1181 contentationem
1373 1120 1643 1181 vestram
1691 1120 1754 1183 et
1824 1138 1998 1182 suam
2046 1120 2537 1202 proponebamus
2585 1119 2750 1183 omni
2768 1137 2866 1196 no,
2919 1119 3161 1184 ordina·

431 1204 661 1280 vimus,
726 1204 888 1286 quod
936 1205 1142 1268 cuncti
1186 1205 1423 1268 nobiles
1469 1207 1532 1268 et
1577 1206 1683 1269 alii
1742 1207 2021 1270 homines
2086 1208 2275 1270 vestri
2344 1207 2673 1271 existentes
2758 1207 2821 1270 in
2873 1206 3160 1272 manibus

428 1293 800 1370 nostrorum,
851 1292 1277 1366 restituantur,
1322 1292 1511 1358 simul
1565 1312 1707 1357 cum
1775 1294 2002 1357 comite
2070 1294 2318 1359 redeant
2368 1293 2430 1358 in
2478 1294 2831 1372 civitatem,
2885 1295 2949 1359 et
2992 1313 3161 1359 com·

428 1380 716 1445 misimus
765 1380 980 1445 comiti
1028 1381 1238 1444 nostro
1286 1380 1523 1463 prefato
1571 1382 1635 1445 et
1680 1382 1997 1463 capitaneo
2045 1385 2107 1446 et
2151 1382 2296 1447 aliis
2346 1383 2574 1447 nostris
2634 1382 2974 1447 rectoribus
3021 1401 3161 1465 par-

427 1469 586 1532 tium
624 1467 896 1546 illarum,
946 1469 1102 1550 quod
1145 1467 1424 1532 remissis
1484 1469 1767 1533 omnibus
1831 1469 2073 1533 iniuriis
2141 1473 2203 1534 et
2250 1470 2601 1534 excessibus
2657 1470 3000 1552 preteritis
3051 1488 3159 1534 vos

427 1557 700 1620 tractent
746 1555 1007 1622 dulciter
1054 1557 1117 1619 et
1160 1556 1440 1640 benigne,
1491 1557 1783 1639 vobisque
1833 1560 2108 1638 prestent
2169 1560 2243 1623 ad
2291 1557 2822 1622 conservationem
2883 1559 3158 1622 vestram

427 1662 606 1708 omne
632 1643 977 1722 consilium,
1026 1642 1321 1708 auxilium
1363 1645 1429 1709 et
1473 1644 1763 1709 favorem.
1816 1645 2157 1710 Hortamur
2202 1645 2392 1729 igitur
2436 1645 2805 1710 fidelitatem
2860 1645 3155 1723 vestram,

430 1732 580 1814 quot
618 1726 1084 1798 reminiscentes
1131 1731 1455 1798 suavitatis
1503 1734 1567 1796 et
1611 1732 1952 1797 dulcedinis
2001 1734 2194 1798 nostri
2243 1733 2521 1811 dominii,
2595 1736 2658 1798 et
2708 1735 2953 1816 quanta
3004 1732 3159 1797 cari·

427 1820 558 1883 tate
607 1821 670 1882 et
715 1819 945 1883 affectu
990 1838 1136 1903 erga
1179 1823 1454 1884 vestrum
1509 1821 1743 1884 statum
1788 1821 2134 1888 afficiamus
2170 1840 2290 1885 non
2323 1822 2720 1904 respicientes
2767 1822 2843 1885 ad
2895 1820 3155 1898 labores,

426 1905 701 1989 pericula
746 1907 846 1972 vel
893 1926 1212 1989 expensas
1266 1926 1382 1989 que
1430 1909 1639 1974 omnia.
1685 1927 1795 1989 pro
1846 1908 2075 1974 nichilo
2125 1909 2466 1991 posuimuS‚
2515 1912 2586 1972 ut
2632 1926 2736 1973 vos
2783 1910 2899 1974 sub
2946 1910 3158 1973 nostra

366 2058 372 2064 .
428 1993 726 2059 fidelitate
789 1997 854 2058 et
920 1996 1299 2076 protectione
1362 1994 1685 2060 defendere
1767 1996 2134 2074 valeremus
2198 1996 2652 2062 considerantes
2699 1996 2911 2074 etiam,
2973 2014 3159 2078 quam

428 2081 775 2147 miserabili
823 2081 888 2146 et
933 2082 1275 2164 periculoso
1344 2083 1536 2147 statui
1606 2083 1958 2163 subiacetis,
2021 2086 2092 2162 si,
2146 2085 2306 2167 quod
2360 2084 2549 2162 absit,
2629 2086 2837 2148 vestra
2889 2083 3160 2148 fidelitas

426 2170 773 2252 tepesceret
814 2188 962 2253 erga
1007 2189 1137 2248 nos,
1188 2170 1419 2234 vellitis
1451 2170 1684 2235 dictum
1740 2172 2029 2236 comitem
2078 2191 2218 2235 cum
2268 2171 2575 2235 nobilibus
2641 2172 2866 2237 vestris
2898 2171 3161 2254 benigne

431 2257 765 2340 suscipere,
815 2261 880 2321 et
929 2258 990 2320 in
1041 2257 1244 2340 gratia
1291 2261 1355 2323 et
1399 2258 1702 2323 fidelitate
1750 2261 1954 2325 vestra
2016 2273 2420 2341 perseverare,
2485 2259 2646 2323 sicut
2717 2276 3039 2341 speramus
3086 2259 3160 2322 de

426 2345 602 2410 vobis
623 2368 645 2421 ;¹
678 2347 961 2423 scienteS‚
1011 2346 1170 2428 quod
1219 2347 1383 2410 firmi
1429 2346 1724 2429 propositi
1768 2346 1963 2411 nostri
2009 2349 2121 2425 est,
2183 2366 2287 2412 vos
2335 2350 2543 2412 tenere
2590 2349 2654 2412 et
2717 2347 2989 2410 tractare
3022 2345 3159 2411 dul-

427 2432 602 2510 citer,
640 2432 1061 2497 favorabiliter
1108 2436 1171 2498 et
1215 2434 1499 2516 benigne,
1549 2435 1612 2498 et
1672 2436 1834 2499 inter
1877 2435 2031 2500 alios
2080 2438 2318 2500 nostros
2391 2434 2603 2500 fideles
2652 2453 2758 2498 vos
2805 2433 3158 2499 carissimos

431 2524 737 2603 reputare,
788 2539 859 2585 ac
905 2540 1015 2590 nos
1061 2521 1125 2585 et
1170 2526 1377 2585 nostra
1421 2540 1530 2603 pro
1579 2523 1767 2586 vestri
1819 2525 2020 2587 status
2062 2523 2284 2601 salute,
2360 2524 2520 2586 sicut
2545 2522 2842 2587 hactenus
2876 2521 3155 2599 fecimus

352 2654 362 2667 ,
428 2626 727 2692 exponere
774 2609 1123 2674 liberaliter
1168 2613 1229 2673 et
1269 2608 1557 2675 libenter.
1632 2611 1921 2677 Prodicto
1981 2612 2189 2676 autem
2261 2610 2470 2676 comiti
2540 2612 2747 2675 nostro
2794 2610 2872 2674 ad
2911 2628 3019 2675 vos
3064 2621 3214 2675 ref--

429 2697 646 2763 deunti
694 2717 805 2762 nec
852 2717 972 2762 non
1018 2698 1343 2780 capitaneo
1403 2700 1614 2763 nostro
1670 2699 1817 2763 culfi
1864 2702 1927 2765 et
1972 2701 2266 2782 provisori
2315 2701 2525 2764 nostro
2576 2698 2894 2765 Sclavonie
2929 2699 2990 2761 in
3015 2697 3156 2774 hiis,

431 2805 550 2867 que
597 2784 718 2871 ipsi
766 2788 876 2849 aut
923 2805 1133 2850 eorum
1184 2786 1407 2869 aliquis
1480 2787 1650 2852 vobis
1722 2789 2049 2852 retulerint
2111 2790 2173 2851 et
2234 2787 2664 2870 promisserint
2709 2790 2883 2868 parte
2929 2787 3157 2864 nostra,

430 2873 616 2937 fidem
665 2872 940 2938 debeatis
990 2874 1303 2939 credulam
1347 2875 1655 2939 adhibere.
1696 2876 1891 2956 Super
1935 2876 2098 2941 facto
2148 2875 2349 2939 insule
2411 2875 2611 2939 sancti
2639 2873 3157 2938 Damianidictus

430 2979 634 3026 comes
683 2961 748 3025 et
796 2961 1226 3027 ambaxatores
1292 2962 1499 3041 vestri,
1573 2964 1671 3044 qui
1735 2963 1836 3027 hic
1882 2965 2076 3039 erunt,
2129 2964 2406 3027 nostram
2475 2962 2939 3044 responsionem
2986 2961 3158 3027 vobis

432 3050 755 3115 refferrent
796 3048 935 3115 viva
976 3068 1138 3115 voce.

1119 3241 1579 3324 CXXVIII.
1634 3241 1844 3323 (iod.
1901 3244 1936 3323 ‘3
1989 3265 2047 3323 u
2106 3242 2494 3325 Mletcih.

432 3369 702 3438 Ηὶεέεηο,
749 3370 830 3428 da
872 3386 933 3429 se
977 3370 1341 3427 utamnioeni
1400 3355 1739 3427 Sibenz'c‘ani
1788 3374 1968 3441 puste
2031 3388 2113 3428 na
2163 3369 2423 3439 slobodu,
2496 3370 2519 3425 i
2587 3370 2669 3428 da
2727 3385 2788 3428 se
2832 3385 2872 3427 u
2920 3353 3160 3428 Sibenik

603 3462 863 3530 povrate,
910 3457 934 3515 i
980 3457 1236 3530 upuduje
1281 3473 1342 3516 se
1386 3457 1549 3533 lenm,
1597 3457 1750 3515 kako
1796 3458 1876 3515 da
1923 3442 2269 3517 Sibenicanc
2306 3475 2391 3516 na
2419 3458 2688 3517 viernost
2706 3457 2967 3530 pom-ati.

642 3594 813 3674 Quod
863 3612 1069 3659 comes
1136 3596 1346 3658 noster
1398 3593 1669 3659 Sibenici
1717 3596 1780 3659 et
1843 3594 1961 3659 iste
2007 3594 2345 3677 Gregorius
2404 3612 2613 3658 secum
2667 3594 2732 3658 et
2772 3593 2877 3657 alii
2926 3592 3002 3657 de
3047 3592 3160 3676 Sy·

432 3683 652 3761 binico‚
703 3682 807 3766 qui
855 3684 1000 3747 sunt
1046 3682 1166 3761 hic,
1216 3682 1583 3766 quantocius
1627 3701 1761 3748 esse
1810 3684 2015 3764 potest
2060 3683 2315 3748 redeant
2362 3680 2723 3760 Sibinicum,
2802 3682 2905 3763 qui
2952 3699 3158 3745 comes

432 3772 643 3837 noster
688 3771 852 3836 inter
891 3772 1017 3835 alia
1064 3771 1270 3847 verba,
1323 3789 1439 3852 que
1486 3770 1601 3834 sibi
1653 3771 1933 3835 decentia
1978 3772 2041 3835 et
2085 3770 2474 3853 expedientia
2520 3769 2909 3847 videbuntur,
2955 3768 3161 3833 dicere

434 3860 656 3924 debeat
703 3859 1096 3924 universitati
1144 3859 1308 3923 dicte
1354 3861 1515 3922 terre
1566 3877 1669 3940 pro
1717 3861 1894 3941 parte
1929 3860 2159 3934 nostra,
2213 3859 2369 3940 quod
2409 3859 2640 3940 quanta
2675 3857 3162 3939 turbatioquan-

435 3949 693 4029 tumque
739 3966 1076 4031 gravamen
1122 3947 1323 4011 iaceat
1369 3947 1430 4010 in
1481 3947 1792 4016 mentibus
1843 3948 2069 4011 nostris
2119 3948 2371 4030 propter
2417 3963 2630 4010 casum
2673 3962 3017 4023 occursum,
3069 3946 3162 4008 te-

441 4037 681 4100 stamur
728 4038 933 4114 deum,
983 4038 1045 4099 et
1092 4036 1250 4117 quod
1301 4053 1512 4099 verum
1563 4037 1678 4113 est,
1749 4036 1909 4116 quod
1949 4040 2204 4118 propter
2251 4033 2712 4117 suggestionem
2760 4034 2824 4097 et
2868 4031 3163 4096 informa·

443 4124 676 4188 tionem
726 4125 902 4188 nobis
950 4125 1162 4187 datam
1228 4121 1728 4201 deliberavimuS,
1800 4124 1960 4203 quod
2027 4143 2099 4186 ex
2158 4123 2282 4186 illis
2329 4122 2403 4185 de
2448 4120 2752 4197 Sibenico‚
2801 4120 2907 4201 qui
2954 4120 3162 4184 essent

443 4211 737 4294 suspecti,
788 4212 1068 4275 venirent
1111 4211 1189 4275 ad
1238 4211 1511 4274 nostram
1559 4212 1940 4292 presentiam
1988 4229 2107 4275 non
2158 4210 2284 4274 alia
2328 4211 2401 4274 de
2449 4227 2650 4284 causa,
2701 4226 2887 4289 quam
2934 4207 3162 4273 certifi-

445 4299 568 4364 cari
616 4318 794 4381 posse
841 4318 950 4382 per
997 4301 1163 4381 ipsos
1202 4298 1275 4362 de
1321 4298 1623 4363 fidelitate
1670 4317 1784 4362 sua
1832 4300 1896 4363 et
1943 4298 2018 4361 de
2049 4299 2363 4382 purgando
2399 4315 2506 4362 seu
2539 4295 2896 4360 sincerando
2921 4296 3162 4360 mentes

440 4388 685 4452 nostras
733 4386 808 4451 de
852 4387 1284 4452 informatione
1320 4385 1615 4468 predicta.
1664 4387 1745 4450 Et
1793 4387 1939 4475 quia
1985 4405 2103 4451 non
2156 4387 2275 4450 fuit
2319 4384 2676 4450 intentionis
2723 4385 2951 4461 nostre,
3000 4381 3160 4465 quod

441 4475 873 4558 procederetur
934 4475 1135 4551 mod0‚
1200 4492 1319 4555 quo
1383 4475 1692 4556 processio
1753 4477 1870 4552 est,
1943 4474 2259 4557 quinym0‚
2323 4476 2393 4538 ut
2456 4472 2692 4536 dictum
2743 4472 2857 4546 est,
2906 4471 2982 4535 de
3028 4471 3161 4554 ipso

440 4563 618 4625 modo
668 4565 731 4626 et
780 4564 854 4626 de
891 4611 1111 4626 .....
1161 4562 1226 4624 in
1272 4561 1406 4643 ipso
1453 4561 1998 4627 vehementissime
2029 4562 2444 4638 condolemus
2494 4560 2770 4624 volentes
2801 4559 2879 4623 ad
2912 4558 3161 4623 laudem

440 4653 506 4715 et
551 4649 960 4714 reverentiam
1008 4648 1106 4713 dei
1158 4652 1223 4712 et
1260 4648 1336 4712 ad
1376 4649 1603 4713 bonum
1652 4652 1716 4715 et
1762 4649 2292 4714 conservationem
2339 4649 2612 4730 ipsorum
2659 4648 2965 4712 nostrorm
3015 4645 3162 4711 fide-

434 4737 608 4815 lium,
659 4736 766 4801 sed
819 4756 927 4818 per
993 4736 1548 4818 transgressionem
1620 4738 1686 4800 et
1727 4736 2118 4819 iniquitatem
2169 4736 2551 4818 quorundam
2612 4735 3049 4800 sceleratorum
3098 4735 3161 4797 et
