3620 5282
482 337 614 405 200

482 534 664 580 suum
711 532 821 597 per
865 513 1028 579 viam
1077 512 1429 592 Tervisane,
1480 513 1545 577 et
1588 512 1781 578 honor
1813 514 2021 577 noster
2068 511 2169 591 sit,
2218 510 2426 594 ipsum
2458 510 2795 584 honorare:
2847 512 3017 576 vadit
3048 530 3212 594 pars,

482 603 642 684 quod
691 601 1000 685 eligantur
1045 602 1135 665 VI
1181 601 1610 665 ambaxatores
1656 616 1768 683 per
1815 600 1998 664 illum
2036 600 2292 663 modum
2339 601 2404 662 et
2452 617 2597 664 cum
2663 600 2789 664 illis
2838 599 3212 664 condicioni-

479 689 595 754 bus
664 689 947 754 omnibus
977 738 992 765 ,
1062 688 1281 771 quibus
1348 688 1596 752 fuerunt
1665 687 1845 752 electi
1920 687 2357 751 ambaxatores
2427 686 2583 751 alias
2655 688 2828 751 missi
2899 689 2972 751 ad
3050 706 3211 763 eum,

482 777 727 859 quando
788 776 1080 841 transivit
1140 796 1248 858 per
1294 777 1560 854 terram,
1611 775 1715 857 qui
1779 774 2207 839 ambaxatores
2274 776 2601 838 teneantur
2666 774 2947 839 recedere
2995 776 3059 838 et
3102 775 3211 851 ire,

481 865 640 928 sicut
687 865 751 929 et
796 864 900 928 ubi
955 866 1019 928 et
1075 862 1315 946 quando
1380 862 1689 928 videbitur
1735 862 2033 940 dominic,
2097 862 2174 927 ad
2235 862 2657 927 honorandum
2721 866 2786 926 et
2848 861 3210 927 sociandum

480 952 719 1016 dictum
764 952 1083 1016 dominum
1132 969 1338 1034 regem
1388 970 1532 1017 cum
1579 950 1689 1015 illa
1733 949 2169 1014 commissione
2216 952 2288 1014 de
2337 949 2540 1015 verbis
2569 950 2883 1015 benevolis
2932 954 2994 1013 et
3039 968 3207 1013 ama-

479 1039 728 1118 bilibus,
778 1060 895 1121 que
940 1038 1209 1116 domino,
1258 1038 1650 1116 consiliariis,
1700 1037 2006 1120 capitibus
2054 1040 2118 1101 et
2164 1038 2582 1119 sapientibus,
2635 1038 2731 1102 vel
2779 1036 2998 1101 maiori
3046 1037 3202 1118 parti

478 1126 884 1201 videbuntu1·;
934 1129 999 1191 et
1044 1126 1312 1191 habeant
1355 1127 1619 1207 quatuor
1682 1124 2014 1190 domicelos
2072 1143 2180 1207 pro
2241 1126 2550 1208 quolibet,
2621 1145 2814 1189 unum
2876 1126 3198 1200 notarium,

479 1234 669 1279 unum
712 1218 1173 1298 expensatorem
1224 1216 1287 1281 et
1332 1232 1523 1278 unum
1571 1214 1897 1295 choquum,
1947 1215 2011 1277 et
2059 1232 2179 1278 non
2226 1214 2425 1295 possit
2474 1214 2638 1277 ultra
2684 1232 2859 1277 suam
2903 1212 3203 1277 familiam

479 1301 820 1367 conducere
863 1302 961 1367 vel
1009 1303 1234 1367 babere
1279 1300 1548 1383 aliquem
1598 1301 1675 1366 ab
1723 1300 2002 1383 expensis
2060 1301 2443 1377 communis3
2513 1302 2576 1365 et
2636 1302 3043 1382 respondeant
3085 1299 3201 1378 die,

482 1408 602 1472 quo
649 1390 976 1474 eligentur,
1040 1390 1139 1454 vel
1204 1389 1423 1453 altera.
1491 1389 1581 1453 De
1643 1387 1925 1471 expensis
1989 1406 2129 1453 vero
2192 1388 2471 1471 capietur
2538 1388 2874 1453 secuudum
2923 1387 3197 1453 ordinem

481 1479 660 1542 terre.
710 1477 937 1544 Omnes
985 1477 1060 1542 de
1107 1480 1300 1559 parte.

694 1565 895 1629 Electi
943 1565 1407 1629 ambaxatores.
1457 1583 1556 1629 ser
1588 1564 1906 1630 ‚Iohannes
1932 1563 2256 1649 Delphyno
2305 1566 2683 1647 procurator,
2732 1584 2830 1629 ser
2856 1564 3202 1647 Stephanus

422 1688 423 1691 =
487 1651 784 1731 Mariono,
835 1672 934 1717 ser
982 1653 1272 1717 Nicolaus
1318 1652 1603 1724 Venerio,
1654 1668 1752 1717 ser
1796 1651 2169 1718 Hermolaus
2217 1650 2583 1731 GradonicO,
2634 1671 2732 1717 ser
2772 1652 3050 1770 Marinus
3096 1649 3210 1716 Su-

481 1741 776 1822 perantio‚
827 1760 926 1805 ser
971 1741 1338 1805 Panciatius
1384 1739 1671 1823 Georgia

570 1830 728 1891 Scor.
776 1849 932 1892 cons,
978 1836 1165 1907 νομαί.
1206 1832 1303 1891 lib.
1348 1830 1426 1889 Β.
1477 1833 1579 1901 72,
1626 1849 1669 1889 u
1714 1832 1932 1890 arkivu
1971 1830 2327 1891 mletal‘kom.

785 2020 1136 2102 CCXCI.
1193 2020 1400 2103 God.
1455 2019 1687 2104 1350.
1740 2022 1831 2101 11
1886 2019 2343 2122 listopada,
2395 2044 2453 2103 u
2507 2022 2897 2105 Mletcih.

487 2145 812 2221 O-vlascuju
861 2164 922 2205 se
968 2147 1271 2220 poslanici
1331 2145 1589 2206 odlazedi
1648 2147 1687 2204 k
1718 2164 1892 2221 ηραν.
1941 2149 2176 2221 kralju,
2239 2152 2395 2209 nelca
2459 2168 2560 2208 mu
2615 2150 2852 2210 dost-ele
2911 2168 2941 2209 s
2987 2151 3215 2224 njekom
3265 2230 3266 2233 Ἴ

1184 2236 1487 2307 pratnjom
1533 2234 1733 2293 uliesti
1777 2253 1820 2293 u
1860 2237 2117 2309 ,qradove
2161 2239 2183 2295 i
2225 2238 2507 2312 tvrdjave.

694 2355 883 2420 1350.
932 2354 1031 2419 die
1078 2356 1396 2420 undecimo
1444 2354 1736 2434 octubris,
1785 2356 2003 2437 capta:
2056 2374 2197 2421 cum
2247 2356 2308 2420 in
2356 2357 2477 2421 alio
2505 2358 2793 2435 transitu,
2844 2358 3211 2440 quemfecit

477 2463 583 2507 rex
627 2442 947 2526 Hungarie
995 2462 1103 2525 per
1150 2446 1420 2521 terram,
1471 2442 1657 2507 fuerit
1717 2460 2077 2507 concessum
2141 2445 2366 2508 nostris
2429 2446 2934 2509 ambaxatoribus
2999 2445 3205 2510 missis

481 2532 560 2596 ad
608 2550 769 2609 eum,
821 2530 980 2613 quod
1027 2530 1078 2593 si
1130 2530 1317 2594 vellet
1363 2530 1595 2595 intrare
1643 2530 1917 2614 aliquam
1968 2530 2286 2595 civitatem
2337 2532 2433 2595 vel
2481 2536 2686 2596 castra
2732 2535 2961 2609 nostra,
3013 2534 3202 2597 habe-

480 2619 618 2685 rent
664 2617 816 2684 dicti
864 2618 1290 2683 ambaxatores
1337 2617 1695 2683 libertatem
1743 2617 2141 2701 permittendi
2183 2637 2324 2683 eum
2370 2621 2598 2683 intrare
2650 2637 2792 2683 cum
2840 2619 2951 2684 illa
2997 2623 3202 2703 gente,

479 2726 594 2790 que
643 2707 762 2771 sibi
810 2706 1120 2771 videretur
1183 2726 1324 2770 curn
1390 2708 1724 2771 securitate
1778 2708 2053 2770 locorum
2115 2710 2503 2780 nostrorum;
2572 2707 2744 2771 vadit
2807 2726 2985 2790 parS,
3035 2709 3195 2789 quod

480 2794 912 2860 committatur
959 2795 1457 2860 ambaxatoribus
1493 2795 1717 2859 nostris
1751 2813 1912 2857 nunc
1956 2793 2137 2858 ituris
2184 2794 2262 2858 ad
2310 2814 2472 2870 eum,
2523 2795 2699 2878 quod,
2751 2797 2802 2859 si
2851 2796 3051 2859 dictus
3100 2815 3203 2860 rex

480 2882 746 2948 voluerit
790 2883 1021 2946 intrare
1069 2883 1131 2946 in
1179 2881 1452 2965 aliquam
1498 2881 1819 2946 civitatem
1868 2881 1962 2945 vel
2025 2881 2229 2947 locum
2289 2886 2589 2963 nostrum,
2639 2903 2850 2948 sumus
2913 2886 3205 2961 contenti,

484 2971 756 3035 intrante
802 2971 935 3052 ipso
982 2989 1125 3034 cum
1168 2969 1279 3033 illa
1327 2970 1674 3052 quantitate
1724 2969 1947 3052 gentiS,
2006 2989 2119 3051 que
2168 2969 2477 3035 videbitur
2523 2973 2861 3036 rectoribus
2908 2972 3206 3047 locorum,

485 3076 602 3139 quo
646 3059 876 3122 intrare
934 3057 1220 3128 voluerit,
1268 3075 1379 3139 pro
1426 3057 1762 3122 securitate
1821 3057 2109 3132 illorum;
2176 3060 2239 3122 et
2285 3059 2373 3122 sic
2441 3059 2744 3123 scribatur
2791 3060 2973 3123 dictis
3020 3061 3215 3124 recto-

482 3144 677 3208 ribus.
724 3144 885 3208 Item
934 3146 1361 3208 committatur
1409 3144 1595 3209 dictis
1635 3145 2170 3222 ambaxatoribus,
2235 3145 2396 3228 quod
2460 3146 2624 3210 circa
2691 3147 2921 3209 factum
2984 3147 3209 3210 libera-

480 3231 667 3295 tionis
715 3232 959 3295 comitis
1008 3233 1205 3310 Pauli,
1247 3234 1310 3296 et
1355 3251 1463 3314 pro
1506 3231 1779 3315 negociis
1846 3231 2194 3314 aliquorum
2259 3236 2606 3298 nostrorum
2672 3233 2898 3297 civium
2948 3236 3012 3297 et
3057 3233 3206 3296 fide-

481 3319 656 3397 lium,
711 3319 815 3401 qui
862 3319 1094 3383 habent
1138 3320 1335 3384 facere
1380 3338 1585 3384 coram
1634 3319 1909 3402 predicto
1957 3339 2099 3403 rege
2147 3321 2485 3404 Huugarie,
2535 3319 2799 3404 expediti
2830 3321 2904 3382 de
2954 3320 3204 3401 negocio

485 3406 817 3490 principali
865 3407 1188 3472 ambaxate
1236 3425 1363 3484 sue,
1403 3408 1566 3471 sicut
1612 3409 1677 3472 et
1722 3406 1964 3489 quando
2013 3409 2099 3472 eis
2147 3409 2455 3472 videbitur
2499 3411 2742 3491 tempus
2787 3409 3020 3491 aptum,
3070 3426 3208 3489 pro-

487 3495 703 3559 curent
749 3494 1038 3576 quicquid
1087 3495 1228 3560 boni
1277 3497 1585 3586 poterunt.
1632 3494 1726 3558 De
1768 3495 1945 3577 parte
1990 3513 2222 3560 omnes,

563 3584 721 3646 Scor.
759 3601 913 3645 cons.
960 3590 1302 3660 royatorum‘
1348 3587 1444 3645 lib.
1484 3584 1562 3644 Β.
1605 3587 1705 3654 73,
1753 3603 1797 3644 u
1837 3586 2055 3644 arkivu
2095 3586 2453 3646 mletackom.

747 3774 1147 3857 CCXCII.
1210 3773 1417 3856 flod.
1473 3773 1704 3858 1350.
1765 3773 1860 3855 13
1913 3774 2377 3875 listopada,
2430 3798 2491 3856 u
2544 3775 2933 3857 Mletcih.

476 3903 827 3971 Korculani,
874 3901 1098 3961 odbivsi
1144 3901 1352 3960 trakbu
1395 3902 1715 3974 republike,
1762 3902 1955 3974 kojom
1987 3900 2087 3972 jin
2121 3901 2325 3973 pitala
2369 3902 2529 3974 ljude
2573 3918 2647 3960 za
2687 3902 2885 3975 yalzje,
2934 3902 3211 3974 haime-ni

483 4007 555 4049 su
604 3992 725 4060 tim,
772 3991 851 4048 da
886 3990 1136 4063 posalq'u
1181 4006 1222 4047 u
1264 3989 1490 4048 Mletke
1532 3989 1692 4048 desei
1726 3989 1801 4048 od
1831 3987 2268 4063 nqjuylednijih
2300 3989 2620 4062 qr·adjana,
2651 3991 2806 4048 nelca
2836 3991 2981 4048 mole
3017 3995 3212 4063 oprost

1493 4075 1638 4135 rad-i
1681 4081 1816 4151 τερα
1842 4077 2204 4149 ,nepo-slaha.

694 4196 881 4260 1350.
932 4196 1028 4261 die
1076 4196 1233 4261 XIII
1278 4196 1572 4276 octubriS‚
1623 4197 1711 4261 IV
1756 4196 2146 4275 indictioniS,
2212 4199 2428 4279 capta:
2492 4215 2632 4262 cum
2681 4196 2775 4260 illi
2821 4198 2895 4263 de
2947 4199 3228 4264 Curzola

476 4280 676 4365 pridie
737 4283 1001 4348 fuissent
1061 4284 1326 4348 dulciter
1385 4284 1663 4367 requisiti
1713 4286 1784 4349 de
1834 4284 2053 4349 dandis
2100 4286 2165 4349 et
2208 4284 2610 4349 concedendis
2658 4285 2832 4350 nobis
2896 4286 3203 4368 aliquibus

479 4369 607 4435 suis
649 4388 760 4453 pro
804 4372 1070 4453 presenti
1119 4374 1330 4436 nostra
1376 4374 1619 4437 armatu
1666 4373 1743 4436 ad
1791 4376 2034 4437 nostras
2069 4373 2165 4437 vel
2195 4391 2337 4436 suas
2370 4391 2683 4455 expensae,
2735 4374 2897 4438 sicut
2944 4374 3195 4452 vellent,

485 4458 551 4521 et
594 4475 703 4541 per
750 4477 840 4537 ea,
890 4478 1005 4540 que
1052 4459 1387 4539 habentur,
1439 4460 1556 4542 ipsi
1605 4460 1773 4525 velut
1833 4461 2062 4544 ingrati
2125 4461 2348 4524 nedum
2399 4463 2677 4525 nostram
2725 4462 3193 4544 requisitionem

478 4544 821 4628 adimplere
862 4549 1174 4624 curarunt,
1218 4565 1360 4629 ymo
1408 4548 1472 4611 in
1519 4548 1719 4612 filium
1765 4549 2044 4626 comitiS,
2109 4549 2538 4630 procurantem
2585 4550 2650 4613 et
2694 4548 3058 4614 suadentem
3106 4549 3193 4612 eis

474 4632 731 4697 honesto
777 4632 978 4711 modo,
1024 4635 1099 4698 ut
1140 4634 1316 4699 nobis
1365 4634 1840 4717 complacerent,
1891 4654 1956 4700 se
2006 4636 2359 4700 indecenter
2404 4638 2467 4699 et
2511 4637 2776 4718 turpiter
2819 4639 3197 4710 errexerunt‚

474 4738 585 4787 nec
631 4722 709 4787 ad
750 4719 996 4787 litteras
1044 4722 1287 4787 nostras
1334 4723 1790 4807 responsionem
1847 4723 2118 4808 aliquam
2170 4721 2481 4802 fecerunt,
2530 4725 2689 4804 quod
2767 4724 2945 4789 nobis
2995 4725 3213 4789 merito
