3620 5282
2964 431 3093 497 225

382 601 579 667 decim
625 602 803 668 mille
848 604 1050 669 dictus
1098 605 1242 669 Vita
1290 603 1609 688 promissit
1669 607 1830 686 dare,
1877 626 2196 672 numerare
2258 608 2323 672 et
2381 606 2726 689 assignare,
2792 606 2888 671 vel
2932 606 3089 684 dari,

380 690 689 754 numerari
737 692 802 754 et
847 692 1150 774 assignari
1200 692 1399 758 facere
1449 693 1670 758 nuncio
1715 697 1823 759 300
1870 696 2109 760 nunciis
2156 694 2352 777 ipsius
2386 694 2590 759 incliti
2637 695 2871 759 domini
2918 695 3087 759 ducis

377 778 440 840 et
483 778 578 841 sui
624 779 703 843 ad
744 778 858 843 1100
906 781 1231 845 constitut-i
1279 781 1611 845 secundum
1657 782 1850 863 ipsius
1894 782 2126 849 domini
2172 782 2347 847 ducis
2394 782 2848 865 beneplacitum
2898 785 2961 846 et
2992 801 3094 846 vo-

377 863 680 930 luntatem
728 867 792 930 in
840 866 1094 932 civitate
1141 869 1651 934 Thesalonicense
1698 870 1944 952 imperii
1993 871 2290 935 Romanie
2353 870 2510 934 infra
2575 889 2763 934 unum
2814 888 3091 934 mensem

378 971 517 1017 cum
563 952 821 1018 dimidio
872 954 967 1019 xel
1013 958 1175 1033 ante,
1225 956 1278 1019 si
1325 956 1571 1039 poterit,
1642 958 2129 1040 computandum
2176 976 2214 1022 a
2249 956 2367 1035 die,
2417 976 2536 1040 qua
2581 957 2700 1039 ipsi
2747 954 2878 1020 XII
2924 957 3097 1021 mille

377 1039 584 1105 ducati
631 1041 691 1105 10
742 1042 992 1107 civitate
1024 1043 1304 1126 Ragusii,
1353 1044 1474 1126 ipsi
1498 1044 1641 1109 Vite
1687 1064 1794 1109 seu
1820 1046 2041 1110 nuncio
2088 1063 2217 1123 300,
2268 1044 2479 1109 traditi
2528 1046 2591 1109 et
2636 1043 2942 1109 numerati
2969 1042 3101 1108 fue-

375 1127 502 1192 rint
547 1128 743 1192 eidem
788 1130 885 1194 vel
936 1130 1100 1194 tradi
1139 1132 1245 1195 aut
1290 1133 1596 1196 numerari
1631 1134 1938 1197 voluerint
1983 1151 2091 1215 pro
2138 1134 2313 1215 parte
2346 1132 2498 1196 dicti
2548 1132 2777 1196 domini
2824 1131 2995 1196 ducis
3027 1135 3090 1195 et

378 1214 472 1278 sui
512 1216 752 1280 consilii
798 1219 872 1281 ad
918 1237 1098 1282 omne
1143 1218 1397 1283 risicum
1441 1223 1503 1281 et
1548 1221 1885 1301 perieulum
1935 1221 2129 1303 ipsius
2153 1221 2317 1298 Vite,
2368 1223 2431 1284 et
2475 1238 2582 1303 pro
2633 1219 2752 1283 hiis
2798 1219 2963 1283 idem
2994 1219 3097 1283 do-

377 1303 580 1366 minus
625 1303 921 1369 Nicolaus
968 1306 1251 1388 promisit
1298 1306 1519 1387 quibus
1589 1327 1775 1389 supra
1841 1307 2196 1372 nominibus
2257 1307 2456 1371 eidem
2502 1308 2678 1385 Vite,
2744 1307 2908 1389 quod
2958 1308 3089 1387 ipse

375 1388 656 1455 dominus
701 1391 822 1456 dux
873 1395 937 1456 et
978 1394 1107 1458 eius
1155 1393 1413 1458 consilia
1472 1395 1827 1477 supradicta
1888 1396 2223 1460 concedent
2278 1397 2352 1458 ‘et
2410 1394 2641 1458 dabunt
2704 1394 2903 1458 eidem
2952 1393 3095 1457 Vite

377 1477 697 1542 licenciam
747 1480 1105 1545 extrahendi
1153 1481 1228 1544 de
1275 1500 1521 1564 corpore
1569 1482 1973 1547 Veneciarum
2038 1483 2197 1547 telas
2246 1483 2471 1547 valoris
2519 1486 2655 1546 octo
2688 1482 2863 1546 mille
2909 1483 3095 1546 duca-

378 1566 581 1629 torum
626 1565 788 1631 1οἲτο
834 1588 1024 1639 unum
1073 1588 1346 1633 mensem
1393 1589 1429 1633 a
1477 1570 1575 1633 die
1623 1572 1927 1652 presentis
1985 1571 2340 1635 contractus
2396 1566 2875 1652 computandoS,
2939 1587 3095 1651 quas

374 1651 577 1717 dictus
627 1654 776 1719 Vita
813 1655 1113 1720 conducet
1156 1676 1260 1720 seu
1310 1657 1566 1721 conduci
1615 1658 1802 1722 saciet
1850 1676 1955 1740 per
1981 1678 2149 1723 mare
2181 1676 2372 1741 usque
2417 1658 2494 1720 ad
2540 1658 2747 1739 partes
2775 1657 3096 1722 Sclavenie

374 1742 436 1803 et
482 1759 601 1805 non
654 1743 839 1821 ultra,
890 1747 957 1807 et
1002 1744 1087 1808 ibi
1138 1744 1520 1808 discaricatis
1569 1744 1718 1828 ipsis
1767 1746 1913 1810 telis
1958 1747 2254 1810 conducet
2299 1746 2407 1809 aut
2452 1743 2709 1809 conduci
2758 1744 2945 1808 faciet
2989 1764 3096 1826 per

374 1845 543 1892 mare
591 1848 785 1912 usque
832 1830 907 1895 ad
956 1835 1164 1913 partes
1199 1831 1522 1897 Sclavenie
1572 1834 1635 1897 et
1680 1852 1798 1896 non
1845 1831 2012 1897 ultra
2073 1834 2138 1897 et
2200 1851 2318 1914 quo
2382 1833 2510 1914 ipse
2560 1831 2823 1895 voluerit
2884 1833 2946 1894 et
3000 1831 3093 1895 illi

372 1914 660 1996 placebit,
709 1918 824 1983 hac
871 1920 1221 1984 condicione
1271 1920 1636 2002 interposita
1698 1924 1761 1984 et
1818 1920 2091 1998 adiecta,
2147 1919 2306 2003 quod
2356 1919 2406 1983 si
2455 1918 2610 1983 sorte
2645 1919 2706 1981 in
2738 1918 3095 2000 fineipsius

374 2004 602 2067 mensis
650 2023 768 2069 non
818 2006 1076 2071 haberet
1127 2007 1443 2090 navigium
1493 2008 1582 2071 ita
1630 2010 1938 2089 paratum,
1988 2009 2146 2090 quod
2201 2025 2305 2071 eas
2367 2007 2525 2071 telas
2587 2008 2796 2087 posset
2840 2006 3090 2069 mittere

371 2089 447 2153 ad
492 2093 698 2171 partes
744 2094 1073 2175 predicta8‚
1123 2096 1200 2158 ad
1250 2114 1401 2178 quas
1450 2095 1617 2178 ipsas
1650 2097 1901 2159 mittere
1933 2096 2120 2159 debet
2181 2114 2290 2176 per
2329 2113 2518 2170 mare,
2567 2094 2696 2174 ipse
2749 2093 2895 2156 Vita
2941 2092 3097 2157 assi-

373 2178 592 2259 gnabit
636 2183 778 2245 ante
824 2180 1070 2264 lapsum
1117 2183 1267 2246 dicti
1329 2183 1560 2247 mensis
1604 2201 1705 2246 eas
1752 2184 1990 2246 nunciis
2041 2183 2319 2247 eiusdem
2366 2180 2597 2246 domiui
2652 2180 2862 2259 (10013,
2926 2180 3096 2244 affir-

371 2265 614 2345 mando,
660 2269 819 2350 quod
866 2271 1031 2352 ipsas
1080 2269 1342 2334 deffectu
1390 2270 1620 2354 navigii
1670 2272 2004 2334 secundum
2053 2268 2518 2334 conventionem
2566 2269 2630 2331 et
2673 2270 2928 2349 pactum
2980 2286 3097 2332 non

370 2353 573 2433 potuit
618 2356 935 2422 extrahere
979 2356 1054 2421 de
1102 2357 1407 2434 VeneciiS‚
1458 2360 1522 2422 et
1568 2378 1639 2422 ex
1686 2362 1831 2422 tunc
1878 2360 2162 2422 teneatur
2221 2356 2365 2420 illas
2414 2356 2681 2420 caricare
2731 2356 2795 2418 et
2840 2355 3092 2419 mittere

369 2442 509 2520 post
552 2441 759 2523 ipsum
807 2445 1143 2510 terminum
1191 2447 1419 2527 quanto
1466 2446 1806 2528 expeditius
1873 2447 2098 2527 poterit
2158 2444 2236 2508 ad
2299 2448 2507 2527 partes
2571 2443 2914 2525 predictaS‚
2981 2462 3090 2507 nec

367 2530 507 2608 post
552 2529 754 2611 ipsum
797 2551 1070 2596 mensem
1117 2533 1492 2615 completum
1543 2533 1697 2597 alias
1747 2532 1905 2597 telas
1954 2552 2137 2597 causa
2181 2531 2460 2613 predicta
2521 2532 2719 2608 emet,
2787 2548 2898 2594 000
2946 2530 3088 2594 11103

366 2617 748 2696 permutabit
792 2618 852 2683 in
908 2620 1083 2685 alias,
1131 2620 1466 2704 Propterea
1522 2621 1682 2686 idem
1735 2621 2019 2685 domiuus
2067 2618 2393 2698 Ν1001003,
2459 2620 2815 2702 procurator
2860 2619 2921 2682 et
2971 2617 3098 2682 sin·

368 2703 558 2782 (11003,
629 2707 1012 2788 0010101003,
1087 2708 1309 2791 quibus
1360 2728 1559 2800 ‘supra
1605 2709 1894 2793 promisit
1957 2709 2156 2772 eidem
2221 2709 2363 2771 Vite
2426 2707 2657 2771 volenti
2718 2707 2782 2770 et
2843 2724 3097 2769 consen-

369 2790 577 2870 tienti,
645 2794 804 2875 quod
860 2795 991 2877 ipse
1047 2796 1297 2860 inclitus
1360 2797 1644 2861 dominus
1698 2798 1819 2861 dux
1881 2797 1946 2861 et
2014 2815 2196 2860 suum
2262 2795 2588 2859 consilium
2646 2794 3090 2876 supradictum,

370 2880 432 2942 et
478 2879 609 2961 ipse
656 2882 926 2948 sindicus
975 2883 1200 2966 quibus
1249 2904 1436 2967 supra
1501 2884 1854 2949 nominibus
1919 2884 2169 2947 tradent
2214 2884 2276 2945 et
2326 2881 2738 2945 numerabunt
2783 2899 2890 2944 seu
2931 2882 3093 2945 tradi

372 2969 433 3029 et
476 2971 789 3033 numerari
836 2970 1063 3035 facient
1109 2973 1170 3035 in
1221 2972 1475 3036 civitate
1515 2972 1773 3054 Ragusii
1823 2971 2018 3036 eidem
2065 2971 2210 3034 Vite
2259 2970 2356 3034 vel
2403 2969 2532 3032 eius
2579 2968 2800 3032 nuncio
2833 2967 3093 3033 ducatos

368 3055 491 3120 XII
540 3055 716 3120 mille
783 3058 923 3124 boni
987 3059 1123 3123 auri
1190 3063 1252 3124 et
1318 3059 1468 3124 iusti
1528 3060 1814 3143 ponderis
1876 3058 2053 3123 cunei
2101 3056 2510 3121 Veneciarum
2575 3057 2740 3119 ultra
2786 3056 2928 3120 illos
2974 3057 3096 3120 XII

368 3143 559 3223 mille,
612 3145 717 3228 qui
766 3147 1110 3230 specificati
1152 3149 1301 3212 sunt
1345 3167 1548 3229 supra,
1598 3166 1748 3230 (1003
1797 3146 2047 3229 quidem
2094 3145 2217 3208 XII
2242 3143 2413 3208 mille
2460 3144 2717 3208 ducatos
2762 3143 2925 3207 idem
2949 3143 3098 3208 Vita

367 3233 685 3312 promissit
731 3236 979 3299 nomine
1027 3235 1274 3318 proprio
1339 3237 1403 3299 et
1447 3237 1742 3300 heredum
1806 3237 1870 3298 et
1932 3251 2354 3297 successorum
2420 3250 2665 3296 suorum
2729 3232 2970 3295 tradere
3033 3233 3098 3296 et

366 3319 682 3403 assignare
730 3341 802 3386 00
855 3342 1198 3403 numerare,
1249 3321 1359 3388 aut
1404 3323 1566 3387 tradi
1614 3337 1678 3387 et
1723 3321 2039 3386 numerari
2086 3320 2285 3385 facere
2323 3319 2545 3383 nuncio
2593 3321 2703 3382 aut
2742 3319 2985 3404 nunciis
3018 3321 3096 3383 ad

365 3405 474 3471 1100
522 3409 884 3476 00031110113
931 3429 1040 3493 per
1087 3412 1290 3493 ipsum
1337 3410 1653 3475 dominum
1702 3409 1921 3473 ducem
1977 3411 2039 3473 et
2084 3427 2264 3472 suum
2327 3406 2654 3471 consilium
2721 3405 2783 3469 10
2844 3407 3097 3471 civitate

366 3493 880 3563 Thesalonicense
926 3499 1171 3581 imperii
1219 3499 1519 3564 Romanie
1563 3498 1725 3562 infra
1756 3516 1949 3560 unum
1976 3515 2250 3560 mensem
2290 3494 2353 3558 et
2399 3494 2746 3571 dimidium,
2801 3494 3092 3572 velante,

375 3580 426 3644 si
472 3584 725 3665 poterit,
779 3587 1064 3650 continue
1110 3586 1599 3669 computandum
1663 3603 1700 3649 a
1744 3584 1877 3661 die,
1945 3602 2062 3665 quo
2125 3582 2430 3664 assignati
2493 3581 2722 3645 suerint
2782 3580 2901 3662 ipsi
2948 3580 3093 3645 Vite

365 3670 459 3732 vel
488 3671 714 3736 nuncio
740 3673 958 3738 010310
985 3676 1255 3758 Ragusio
1280 3675 1378 3738 vel
1409 3673 1571 3737 tradi
1603 3675 1713 3736 aut
1745 3671 2055 3735 numerari
2091 3669 2397 3734 voluerint
2431 3667 2567 3753 (sic)
2601 3687 2708 3750 per
2742 3667 2945 3750 ipsum
2984 3670 3095 3731 aut

365 3758 652 3822 nuncium
690 3779 872 3824 30001
906 3762 1275 3827 remanserit
1299 3761 1624 3844 quominus
1657 3758 1954 3840 assignati
1985 3757 2211 3822 fuerint
2242 3756 2317 3822 ad
2349 3774 2526 3821 omne
2558 3755 2809 3820 risicum
2839 3757 2902 3818 et
2931 3756 3094 3837 peri-

366 3844 569 3910 culum
604 3846 799 3930 ipsius
834 3849 1000 3928 Vite,
1050 3853 1113 3914 et
1162 3869 1273 3930 pro
1307 3848 1426 3913 hiis
1460 3847 1591 3930 ipse
1623 3847 1773 3911 Vita
1802 3846 2026 3910 habere
2059 3848 2122 3909 et
2155 3846 2424 3925 recipere
2470 3843 2654 3906 debet
2700 3842 2777 3904 ab
2822 3840 2954 3923 ipso
2987 3843 3094 3905 do·

364 3930 527 3997 mino
560 3934 712 4000 duce
744 3938 808 4000 et
840 3955 949 4001 300
981 3936 1234 4002 00031110
1276 3936 1550 4019 111·οᾶ1010
1597 3936 1669 3998 (10
1695 3933 1881 4016 prode
1925 3936 2161 4014 septem
2186 3932 2440 3996 ducatos
2471 3949 2581 4012 pro
2632 3928 2909 4011 quolibet
2953 3947 3094 3993 con·

366 4018 598 4086 tenario
645 4022 1013 4089 ducatorum
1063 4024 1189 4088 XII
1235 4023 1409 4088 mille
1454 4022 1731 4105 proxime
1764 4020 2201 4103 predictorum.
2240 4019 2376 4082 Hac
2409 4017 2759 4082 condicione
2806 4017 3091 4099 apposita

366 4106 426 4168 et
470 4107 709 4174 adiecta
741 4115 804 4175 et
835 4110 900 4175 in
946 4114 1132 4194 pactu
1158 4112 1434 4186 deducta,
1477 4109 1636 4192 quod
1670 4109 1723 4172 si
1753 4109 1911 4172 sorte
1945 4107 2071 4171 ullo
2105 4125 2248 4171 casu
2279 4105 2376 4171 vel
2411 4107 2633 4169 eventu
2680 4103 3087 4186 contingetur‚

368 4195 521 4273 quod
555 4196 688 4280 ipse
721 4198 1009 4264 dominus
1049 4199 1169 4263 dux
1216 4200 1278 4262 et
1309 4198 1437 4262 eius
1469 4195 1791 4261 consilium
1828 4194 2251 4276 supradictum
2283 4211 2405 4257 non
2439 4191 2626 4256 vellet
2658 4191 2856 4273 ipsam
2904 4209 3089 4272 pecu-

369 4280 530 4347 niam
578 4286 643 4349 et
707 4305 986 4351 summas
1053 4287 1411 4350 ducatorum
1479 4283 1649 4349 mitti
1710 4285 1820 4347 aut
1887 4281 2172 4358 conduci,
2245 4282 2312 4344 ut
2361 4279 2638 4361 superius
2686 4277 2923 4341 dictum
2970 4280 3083 4357 031,

373 4383 612 4453 semper
659 4373 1071 4456 intelligatur,
1117 4373 1276 4455 quod
1324 4373 1455 4454 ipse
1502 4370 1651 4435 Vita
1698 4369 1896 4453 possit
1948 4369 2193 4433 trahere
2259 4368 2491 4432 dictam
2537 4365 2948 4447 quantitatem
2998 4368 3091 4429 te-

372 4452 567 4522 larum
618 4459 693 4524 de
743 4460 1053 4539 VeneciiS‚
1103 4462 1302 4524 sicum
1345 4460 1584 4523 dictum
1631 4462 1726 4522 est
1772 4475 1991 4538 supra,
2040 4456 2169 4520 sine
2213 4454 2340 4519 ulla
2399 4453 2750 4518 condicione
2813 4455 2925 4515 aut
2967 4453 3087 4516 im-

376 4544 738 4621 pedimento.
789 4548 927 4613 Hoc
977 4548 1166 4613 etiam
1214 4565 1495 4629 expresse
1564 4546 1700 4610 0010
1746 4546 1810 4608 01
1855 4545 1918 4607 10
1966 4546 2150 4625 pactu
2199 4541 2455 4605 deducto
2498 4540 2659 4605 inter
2703 4542 2907 4621 partes
2953 4558 3090 4620 pre-

374 4629 579 4713 dictas,
635 4635 797 4721 quod
847 4635 1181 4719 assignatis
1228 4634 1410 4699 dictis
1439 4632 1700 4697 summis
1747 4633 1810 4696 et
1848 4629 2301 4712 quantitatibus
2325 4629 2688 4692 ducatorum
2727 4627 2788 4688 in
2814 4626 3086 4707 Ragusio

374 4715 530 4787 dicto
575 4724 723 4790 Vite
773 4724 873 4790 vel
921 4723 1053 4788 eius
1099 4721 1322 4787 nuncio
1371 4722 1471 4787 vel
1515 4718 1820 4803 assignari
1870 4718 2122 4801 pe1·atiS‚
2171 4715 2223 4778 si
2269 4715 2427 4779 forte
2473 4732 2628 4778 nova
2681 4714 2888 4775 essent
2939 4714 3082 4774 ante

378 4805 697 4877 terminum
751 4810 935 4877 unius
981 4808 1214 4876 mensis
1272 4826 1415 4874 cum
1485 4806 1737 4872 dimidio
1797 4801 2257 4887 supradictum,
2307 4800 2467 4882 quod
2529 4799 2862 4881 imperator
2909 4795 3081 4860 Scla-

441 4934 632 4985 svou.
663 4935 762 4987 111.
1586 4935 1596 4944 ·
2742 4897 2826 4964 15
