3620 5282
550 324 680 390 336

558 520 663 600 get
710 520 774 583 et
821 520 881 582 in
930 517 1091 600 aliis,
1140 538 1280 583 cum
1322 519 1547 602 quibus
1594 519 2008 602 partecipavit
2056 522 2118 583 et
2160 518 2531 584 deliberavit
2573 520 2737 584 hunc
2783 521 3021 583 motum
3055 537 3280 596 suum,

562 606 717 670 foret
764 611 1002 671 mature
1049 611 1113 669 et
1158 607 1616 689 sapientissime
1663 607 1847 682 facta,
1900 610 1988 671 ita
2036 609 2193 690 quod
2244 607 2571 690 superinde
2617 608 2821 692 magis
2886 607 3058 671 utilis
3107 606 3289 671 deli-

553 695 786 758 beratio
832 693 964 758 fieri
1013 715 1125 759 non
1176 701 1382 776 posset
1429 715 1537 777 per
1584 716 1712 760 nos‚
1768 697 1931 759 Bene
1978 696 2398 778 supplicamus
2432 696 2711 778 largitori
2756 696 3028 760 omnium
3065 696 3286 777 grati-

553 802 747 860 arum,
799 783 972 846 cuius
1018 802 1115 847 res
1160 783 1580 865 principaliter
1624 786 1853 866 agitur,
1921 789 2223 866 quatenus
2284 786 2571 867 dignetur
2635 786 2754 847 sibi
2818 784 3122 866 impertiri
3189 784 3282 845 de

554 871 737 934 dictis
786 871 1033 952 perfidis
1083 871 1386 953 Agarenis
1431 869 1691 955 gloriam
1742 878 1804 934 et
1847 873 2227 953 triumphum
2273 891 2384 954 pro
2428 873 2890 936 conservatione
2934 871 3073 935 fidei
3155 889 3272 934 or-

552 957 823 1034 thodose,
874 958 1239 1024 exaltatione
1278 961 1375 1025 sui
1426 961 1689 1025 nominis
1738 965 1802 1025 et
1850 961 2209 1043 populorum
2274 962 2392 1024 sibi
2437 961 2820 1025 subditorum
2871 961 3036 1024 statu
3085 960 3271 1042 paci-

555 1047 667 1109 fico
715 1048 778 1109 et
823 1047 1176 1130 tranquillo

760 1133 856 1198 Ad
904 1134 1134 1199 sactum
1185 1138 1388 1200 autem
1438 1137 1649 1201 auxilii
1698 1140 1759 1199 et
1808 1136 2049 1212 favoriS,
2099 1136 2258 1218 quod
2307 1156 2343 1200 a
2405 1137 2579 1201 nobis
2635 1136 2811 1218 petit,
2848 1137 2936 1199 sic
2968 1136 3269 1213 dicimuS,

552 1222 713 1304 quod
760 1224 1314 1306 quocienscumque
1360 1225 1463 1289 alii
1523 1225 1831 1307 principes
1897 1230 1958 1287 et
2019 1227 2495 1289 communitates
2560 1225 2791 1302 mundi,
2863 1224 2966 1305 qui
3032 1224 3096 1287 et
3141 1242 3271 1306 que

550 1309 800 1391 prebere
847 1313 1106 1394 possunt
1151 1311 1418 1376 favorem
1464 1312 1608 1376 huic
1637 1306 1808 1376 ‘bono
1869 1313 2183 1395 proposito
2248 1316 2313 1379 et
2380 1313 2807 1377 deliberationi
2871 1331 2978 1376 sue
3026 1311 3271 1376 sereni-

551 1398 724 1475 tatis,
759 1419 823 1462 se
870 1401 1194 1482 disponent
1239 1402 1318 1463 ad
1361 1401 1736 1482 prebendum
1787 1401 1862 1464 de
1909 1400 2240 1478 favoribus,
2304 1402 2407 1486 qui
2473 1401 2711 1483 preberi
2758 1398 3067 1483 poterunt,
3115 1400 3270 1481 quia

554 1490 762 1550 noster
808 1489 975 1552 solus
1024 1488 1405 1553 insufficiens
1453 1493 1638 1563 esset,
1687 1491 1751 1553 et
1796 1509 1904 1553 nos
1953 1490 2248 1552 fuerimus
2296 1489 2601 1571 requisiti,
2651 1491 2943 1553 maiestas
3006 1506 3116 1552 sua
3163 1487 3267 1550 in-

554 1577 760 1639 veniet
807 1594 912 1639 nos
960 1578 1207 1658 paratos
1253 1581 1316 1641 et
1365 1579 1515 1640 bene
1556 1578 1881 1658 dispositos
1928 1577 2005 1640 ad
2053 1576 2403 1641 faciendum
2452 1577 2528 1642 de
2571 1578 2687 1658 his,
2736 1597 2853 1660 que
2892 1576 3145 1642 honeste
3193 1579 3264 1639 et

553 1663 1008 1732 rationabiliter
1055 1685 1162 1746 per
1211 1684 1319 1729 nos
1365 1665 1497 1728 fieri
1546 1669 1849 1746 poterunt,
1900 1666 2232 1729 secundum
2281 1666 2442 1748 quod
2490 1672 2700 1730 nostra
2745 1663 3160 1730 communitas
3191 1664 3263 1727 in

553 1751 861 1816 similibus
908 1752 1152 1816 casibus
1201 1772 1443 1833 semper
1489 1754 1697 1817 extitit
1744 1756 2054 1817 consueta.

763 1839 861 1904 Ad
909 1841 1240 1906 secundam
1287 1860 1426 1905 vero
1470 1844 1708 1922 partem
1756 1842 1832 1905 de
1878 1841 2318 1907 deliberatione
2393 1842 2560 1906 facta
2624 1859 2733 1926 per
2793 1841 3259 1906 serenissimum

552 1927 865 1992 dominum
914 1930 1343 2009 imperatorem
1390 1929 1465 1993 de
1514 1930 1804 1993 veniendo
1843 1932 1920 1993 ad
1970 1936 2173 2011 partes
2223 1930 2401 1994 Italie
2449 1950 2555 2012 pro
2602 1948 2714 1995 sua
2746 1929 3154 2006 coronatione,
3193 1933 3260 1994 et

551 2018 709 2097 quod
758 2016 1039 2080 dominus
1084 2036 1184 2080 rex
1231 2020 1293 2080 et
1338 2016 1526 2080 frater
1572 2018 2069 2082 deliberaverunt
2139 2019 2344 2082 venire
2414 2038 2555 2083 cum
2603 2037 2692 2096 eo,
2743 2020 3021 2101 petentes
3071 2016 3245 2082 auxi-

555 2104 709 2167 lium
752 2107 815 2168 et
862 2105 1130 2168 savorem
1181 2108 1483 2181 nostrum,
1540 2108 1999 2187 respondeatur,
2049 2108 2209 2189 quod
2278 2126 2396 2170 non
2452 2106 2871 2172 dubitavimus
2919 2106 3045 2170 imo
3096 2104 3248 2170 certi

553 2193 887 2270 reddimuS,
937 2193 1095 2276 quod
1144 2193 1506 2258 deliberatio
1550 2192 1716 2259 facta
1760 2214 1865 2276 per
1910 2194 2298 2277 imperialem
2361 2195 2751 2259 maiestatem
2823 2214 2895 2259 ac
2941 2214 3051 2277 per
3096 2213 3262 2258 sere-

552 2282 877 2345 nissimum
927 2281 1243 2345 dominum
1294 2301 1501 2362 regem
1552 2283 1624 2345 de
1674 2282 1927 2346 volendo
1973 2283 2049 2348 ad
2100 2289 2302 2364 partes
2349 2283 2530 2348 Italie
2577 2284 2989 2366 personaliter
3015 2303 3087 2370 'se
3119 2302 3259 2347 con-

552 2368 729 2450 ferre,
781 2372 875 2433 est
923 2369 1086 2434 facta
1153 2388 1294 2433 cum
1345 2388 1567 2452 magna
1629 2371 2040 2448 solemnitate,
2109 2375 2352 2435 matura
2419 2376 2483 2436 et
2551 2372 2730 2455 gravi
2790 2371 3259 2446 deliberatione,

554 2460 683 2521 tam
728 2476 833 2540 pro
881 2459 1337 2522 conservatione
1377 2458 1635 2539 predicti
1682 2458 1924 2523 honoris
1974 2460 2322 2523 maiestatis
2369 2479 2497 2537 sue,
2548 2480 2733 2543 quam
2799 2461 3004 2542 quiete
3050 2459 3249 2523 totius

552 2546 774 2620 Italie;
822 2549 884 2609 et
928 2565 1247 2627 speramus
1290 2547 1349 2610 in
1399 2547 1605 2611 divina
1652 2548 1877 2629 gratia,
1923 2549 2081 2629 quod
2128 2567 2198 2611 ex
2250 2547 2356 2611 illo
2402 2550 2699 2612 descensu
2749 2567 2856 2612 suo
2891 2547 3073 2611 multi
3123 2566 3265 2629 pro-

553 2635 797 2699 venient
846 2634 990 2699 boni
1041 2634 1301 2713 fructus,
1350 2638 1415 2699 et
1462 2655 1587 2711 noS,
1635 2637 2140 2718 quandocumque
2204 2636 2317 2700 hoc
2364 2635 2569 2713 fuerit,
2623 2635 3005 2701 inveniemur
3052 2635 3258 2723 parati

551 2724 626 2786 ad
678 2722 1102 2788 honorandum
1149 2724 1348 2805 ipsam
1399 2724 1785 2804 imperialem
1836 2726 2226 2789 maiestatem
2270 2743 2340 2788 ac
2386 2724 2621 2788 dictum
2670 2725 2992 2789 dominum
3042 2743 3255 2806 regem

550 2813 614 2875 et
660 2810 936 2889 fratrem,
980 2831 1051 2875 ac
1099 2811 1300 2875 facere
1347 2812 1420 2875 de
1471 2813 1673 2885 rebuS,
1725 2833 1842 2894 que
1889 2832 2064 2893 posse
2112 2818 2323 2877 nostro
2386 2812 2513 2877 sint
2582 2818 2762 2896 grata
2834 2817 2899 2878 et
2942 2812 3264 2896 placibilia

551 2901 638 2963 eis
687 2902 748 2963 et
794 2918 933 2964 cum
983 2901 1206 2964 honore
1248 2901 1443 2964 nostri
1489 2899 1767 2964 dominii.
1820 2901 1912 2965 De
1959 2903 2132 2983 parte
2185 2902 2328 2980 113,
2357 2902 2429 2966 de
2482 2920 2603 2966 non
2655 2902 2710 2979 1,
2762 2920 2882 2965 non
2928 2903 3150 2967 sinceri
3196 2902 3263 2966 Ο.

637 3007 876 3067 Secreta
926 3006 1096 3067 Gon-3.
1139 3008 1283 3081 Roy.
1331 3008 1408 3067 R.
1458 3011 1560 3078 94,
1607 3027 1647 3066 u
1692 3009 1847 3067 mlet.
1894 3011 2124 3068 arkivu.

804 3194 1499 3279 GCGCLXXVII.
1555 3197 1757 3279 (iod.
1815 3197 2043 3280 1394.
2099 3200 2150 3281 6
2204 3199 2488 3300 rujna,
2544 3221 2603 3280 u
2655 3198 3051 3282 Mletcih.

760 3336 1127 3402 Conceditur
1175 3340 1442 3419 potestas
1491 3338 1751 3421 collegio
1795 3338 1996 3403 facere
2041 3338 2216 3402 illam
2249 3358 2601 3422 expensam,
2636 3359 2788 3422 quae
2831 3343 2888 3406 ei
2931 3343 3269 3425 apparebit

551 3428 910 3501 necessaria,
959 3445 1068 3507 pro
1116 3425 1393 3490 habendo
1440 3430 1715 3491 castrum
1766 3425 2001 3509 Croyae
2071 3429 2135 3492 et
2202 3427 2522 3497 dominum
2586 3428 2866 3493 Marcum
2919 3430 3268 3495 Barbadico

550 3531 964 3595 possessorem
1009 3513 1223 3596 ipsiuS,
1274 3514 1566 3578 rebellem
1617 3516 1964 3580 communis
2009 3515 2439 3596 Venetiarum,
2481 3518 2548 3581 et
2593 3518 2728 3595 hoo,
2758 3522 2828 3582 ut
2875 3517 3099 3582 civitas
3131 3519 3256 3583 Du·

551 3601 745 3665 rachii
792 3620 933 3665 cum
978 3621 1093 3666 suo
1130 3602 1416 3665 districtu
1464 3622 1776 3667 remanere
1826 3604 2029 3668 valeat
2074 3604 2135 3667 in
2182 3607 2412 3688 quiete.
2462 3604 2613 3669 Pars
2637 3607 2839 3672 altera
2876 3606 3025 3670 item
3074 3610 3262 3690 capta

549 3690 625 3754 de
671 3691 1060 3773 expendendo
1107 3708 1300 3772 usque
1346 3691 1521 3754 4000
1570 3691 1741 3755 mille
1789 3692 1928 3756 duc.
1980 3712 2084 3774 pro
2150 3692 2430 3757 habendo
2508 3695 2784 3758 castrum
2832 3695 2896 3759 et
2939 3695 3143 3777 ipsum
3192 3697 3253 3760 d.

550 3779 852 3843 Marcum.

636 3886 796 3948 δεον.
850 3884 1025 3947 Cous,
1075 3883 1223 3960 Roq.
1272 3887 1345 3945 R.
1395 3890 1497 3957 94,
1544 3906 1587 3946 u
1633 3888 1787 3948 mlet.
1836 3890 2068 3948 arkivu.

763 4075 1498 4160 GCCCLXXVIII.
1553 4078 1760 4162 (3011.
1819 4080 2041 4162 1394.
2098 4079 2198 4161 25
2234 4081 2521 4183 rujna,
2559 4104 2618 4163 u
2655 4080 3050 4165 Mletcih.

760 4217 963 4297 Quum
1012 4220 1210 4302 pridie
1258 4220 1663 4284 deliberatum
1712 4219 1870 4285 soret
1917 4221 2143 4286 habere
2192 4222 2504 4288 dominam
2553 4223 2876 4301 Helenam,
2913 4244 3166 4292 uxorem
3200 4231 3256 4294 d.

551 4309 750 4373 Marci
804 4308 1166 4385 BarbadicO,
1211 4308 1272 4372 in
1323 4308 1483 4372 facto
1530 4307 1757 4391 Croyae
1806 4310 1869 4373 in
1915 4312 2203 4392 gratiam,
2251 4314 2314 4376 et
2356 4330 2516 4376 nunc
2563 4313 2851 4389 sentitur,
2883 4315 3042 4395 quod
3076 4317 3259 4398 quid-

552 4397 701 4480 quid
739 4397 812 4460 fit
860 4398 919 4458 in
959 4396 1255 4460 damnum
1302 4397 1698 4479 reipublicae,
1749 4396 1813 4459 in
1860 4398 2074 4462 maiori
2123 4403 2297 4481 parte
2348 4402 2418 4465 fit
2458 4402 2532 4465 de
2571 4400 2887 4466 voluntate
2919 4407 2984 4467 et
3019 4403 3253 4486 placito

551 4504 680 4561 suo,
728 4485 866 4548 ideo
914 4486 1248 4567 collegium
1292 4487 1543 4551 mandat
1588 4485 1793 4549 baiulo
1839 4486 2153 4566 Durachii,
2215 4491 2372 4570 quod
2439 4491 2733 4573 procedat
2794 4489 2987 4554 etiam
3034 4495 3252 4560 contra

551 4574 750 4655 ipsam
797 4572 1110 4637 dominam
1160 4573 1484 4650 Helenam,
1540 4574 1702 4638 sicut
1740 4573 1795 4637 ei
1843 4574 1995 4638 utile
2036 4576 2363 4641 videbitur.

636 4680 877 4741 Secreta
926 4681 1098 4741 Gens,
1146 4682 1293 4755 Roq.
1343 4681 1419 4741 R.
1469 4684 1571 4755 95,
1619 4700 1662 4740 u
1707 4682 1861 4743 mlet.
1911 4685 2146 4743 arkivu.
