3620 5282
3063 411 3185 476 181

457 577 802 645 Dalmatini
850 598 1035 662 quam
1083 581 1355 645 extranei
1401 582 1856 663 possessiones,
1905 583 2136 660 terrae,
2177 584 2426 660 domos,
2476 583 2686 647 vineas
2743 587 2807 648 et
2854 586 2979 649 alia
3029 585 3190 651 bona

457 668 915 749 quamplurium
987 667 1362 732 Venetorum
1435 668 1500 732 in
1567 667 1880 732 territorio
1940 669 2295 734 Dalmatino
2359 670 2695 735 existentes
2762 674 3183 754 occupassent,

457 756 865 837 usurpassent
905 757 969 818 et
1013 755 1273 819 diversis
1320 755 1801 837 aquisitionibus
1850 754 2037 819 etiam
2088 757 2394 822 coloribus
2441 776 2550 839 pro
2613 778 2678 822 se
2736 760 3184 825 vendicassent.

457 840 615 905 Cum
678 844 884 906 tamen
948 861 1019 906 ex
1079 843 1277 906 forma
1323 843 1488 924 pacis
1549 843 1613 906 et
1674 845 1992 922 pactorum
2040 843 2165 906 iam
2227 845 2555 926 utrobique
2617 846 2914 910 initorum
2977 849 3189 911 omnia

456 931 732 1010 tempore
778 931 940 994 dicte
995 949 1213 1014 guerre
1273 933 1568 1012 occupata
1629 931 1924 995 deberent
1980 929 2123 995 hinc
2172 930 2314 994 inde
2381 933 2658 1009 restitui,
2708 933 2945 997 remitti
2990 940 3054 998 et
3094 953 3189 998 re-

457 1016 719 1097 signari,
779 1036 850 1081 ea
908 1019 1157 1100 propter
1220 1016 1507 1082 fidelitati
1571 1019 1774 1080 vestre
1836 1017 2054 1082 damus
2122 1019 2185 1082 in
2247 1019 2587 1097 mandatis,
2653 1024 2987 1101 quatenuS,
3033 1020 3183 1086 visis

458 1104 881 1185 presentibuS,
944 1123 1156 1170 omnes
1222 1107 1287 1169 et
1345 1104 1625 1186 singulas
1685 1105 2134 1186 possessioneS,
2184 1107 2418 1181 terras,
2483 1108 2693 1170 dames
2754 1109 2819 1171 et
2866 1106 3078 1173 vineas
3122 1112 3190 1174 et

458 1190 585 1255 alia
637 1211 873 1275 queque
927 1192 1083 1257 bona
1126 1193 1399 1274 ipsorum
1467 1192 1882 1269 Venetorum,
1933 1191 2197 1274 pristina
2259 1209 2480 1274 guerra
2540 1195 2780 1258 astante
2845 1214 2954 1277 per
2999 1213 3184 1276 quos-

459 1298 723 1360 cumque
769 1282 1009 1344 nostros
1057 1280 1269 1344 fideles
1332 1279 1648 1343 occasione
1708 1278 1874 1343 dicte
1930 1297 2148 1362 guerre
2204 1282 2536 1361 occupata,
2585 1283 2885 1362 usurpata
2932 1283 2997 1346 et
3036 1302 3183 1347 veu-

456 1366 678 1440 dicata,
727 1366 903 1431 iuxta
948 1367 1212 1432 formam
1259 1367 1561 1431 dictorum
1622 1367 1790 1447 pacis
1852 1367 1918 1429 et
1982 1369 2300 1446 pactorum
2365 1368 2596 1431 eisdem
2641 1368 2948 1446 reddatis,
2998 1370 3182 1435 resti-

462 1453 654 1517 tuatis
701 1456 765 1518 et
811 1455 1140 1537 resignatis
1187 1473 1260 1519 ac
1303 1453 1673 1517 remittatis:
1724 1453 2052 1517 dummodo
2098 1471 2277 1518 versa
2325 1455 2457 1517 vice
2513 1454 2797 1519 fidelibus
2844 1456 3069 1520 nostris
3119 1460 3182 1520 et

458 1541 678 1604 incolis
725 1560 1054 1622 regnorum
1105 1545 1455 1607 nostrorum
1503 1559 1688 1623 super
1730 1540 2076 1621 occupatis,
2125 1539 2464 1605 vendicatis
2510 1545 2573 1606 et
2617 1542 2906 1606 alienatis
2956 1544 3031 1607 de
3075 1544 3183 1608 bo-

457 1627 552 1691 nis
600 1629 662 1692 in
688 1629 1020 1694 territoriis
1041 1630 1420 1695 -Venetorum
1471 1628 1701 1692 habitis
1764 1627 1990 1691 similis
2038 1627 2149 1692 fiat
2194 1627 2610 1693 restitutionis
2657 1630 2896 1694 cuidem
2943 1631 3183 1712 equali-

452 1719 547 1779 tas
579 1718 643 1779 et
666 1717 988 1800 condigna.
1019 1719 1103 1781 Et
1132 1715 1330 1782 alliud
1361 1715 1716 1780 nullatenus
1749 1713 1948 1779 facere
1991 1714 2270 1781 audeatis
2304 1717 2509 1781 nostre
2534 1717 2734 1799 gratie
2761 1717 2876 1780 sub
2903 1718 3178 1782 obtentu.

455 1804 689 1867 Datum
737 1806 854 1867 etc.

663 1890 760 1953 He
823 1894 969 1955 sunt
1026 1891 1201 1970 copie
1261 1891 1503 1973 portate
1563 1909 1670 1972 per
1739 1890 2018 1957 dominos
2078 1890 2482 1957 Valentinum
2549 1888 2832 1973 Quinque
2891 1891 3182 1956 ecclesia-

456 1996 592 2041 rum
641 1980 704 2042 et
750 1978 1013 2043 Paulum
1077 1977 1509 2060 Zagrabiensis
1570 1978 1968 2043 ecclesiarum
2040 1979 2383 2061 episcopos,
2454 1977 2596 2042 date
2657 1979 2748 2042 eis
2793 1996 2900 2060 per
2961 1977 3182 2043 harum

452 2066 734 2141 latorem,
783 2069 852 2129 ut
897 2066 1226 2147 disponant
1254 2065 1330 2129 de
1376 2066 1462 2129 eis
1487 2063 1822 2129 secundum
1847 2066 2292 2130 ordinationem
2339 2084 2447 2148 per
2492 2084 2593 2129 eos
2625 2065 2878 2144 saetam,
2926 2067 2991 2130 et
3019 2066 3182 2130 sicut

453 2153 621 2234 prius
655 2153 744 2217 sic
791 2156 855 2218 et
897 2171 1056 2218 nunc
1104 2152 1472 2217 concludant
1529 2152 1691 2216 facto
1753 2153 1819 2215 in
1879 2153 2113 2229 eodem,
2162 2156 2227 2218 et
2291 2157 2603 2236 presentes
2651 2153 2855 2235 copias
2906 2155 3069 2235 apud
3116 2173 3181 2217 se

453 2241 778 2305 retineant.
826 2241 906 2304 Et
952 2242 1004 2305 si
1053 2241 1172 2305 erit
1216 2259 1464 2304 necesse
1503 2240 1653 2303 alias
1700 2238 1929 2322 copiaS,
1977 2243 2162 2324 prout
2207 2242 2296 2305 eis
2343 2240 2687 2320 videbitur,
2735 2240 3041 2305 conscribi
3085 2239 3179 2304 fa-

454 2327 805 2392 ciantiuxta
859 2326 1240 2391 voluntatem
1296 2328 1646 2392 eorundem.

661 2415 1006 2480 Ludovicus
1060 2416 1159 2479 dei
1203 2415 1408 2496 gratia
1462 2433 1565 2478 rex
1606 2412 1961 2496 Hungarie,
2011 2413 2296 2493 Polonie‚
2348 2415 2666 2480 Dalmatie
2709 2417 2829 2479 etc.
2892 2414 3180 2480 fidelibus

455 2504 582 2568 suis
652 2502 982 2585 magnifico
1045 2503 1175 2567 viro
1237 2501 1519 2566 Emerico
1590 2501 1804 2565 Bubeh
1874 2519 2196 2584 regnorum
2281 2504 2635 2566 nostrorum
2727 2501 3043 2566 Dalmatio
3111 2505 3174 2567 et

454 2591 743 2656 Chroatie
793 2591 989 2655 banno
1037 2590 1132 2655 vel
1182 2608 1326 2655 suas
1381 2590 1544 2654 vices
1590 2588 1968 2671 gerentibus,
2017 2589 2177 2653 Item
2230 2591 2579 2668 comitibus,
2620 2589 2987 2668 rectoribuS,
3031 2609 3172 2655 con-

458 2679 638 2758 siliis,
688 2681 752 2744 et
793 2678 1349 2742 communitatibus
1395 2677 1715 2743 civitatum
1775 2680 1838 2740 et
1885 2677 2228 2740 insularum
2262 2678 2761 2743 Dalmatinarum
2798 2678 3068 2742 salutem
3114 2680 3178 2742 et

456 2768 743 2849 gratiam.
787 2766 1163 2848 Magnificus
1209 2766 1487 2829 dominus
1510 2763 1793 2829 Andreas
1829 2763 2127 2828 Catareno
2152 2766 2308 2842 dux,
2359 2767 2423 2828 et
2467 2764 2703 2829 nobiles
2750 2767 2815 2829 et
2861 2765 3173 2847 sapientes

453 2855 567 2921 viri
593 2872 913 2921 commune
951 2852 1364 2930 venetiarum,
1400 2852 1606 2916 missis
1629 2851 1939 2916 nobilibus
1971 2856 2032 2915 et
2055 2852 2436 2932 sapientibus
2489 2852 2637 2917 viris
2662 2852 2978 2916 Leonardo
3006 2854 3175 2916 Dan·-

453 2944 594 3007 dulo
645 2946 709 3006 et
767 2941 1028 3005 Fantino
1089 2939 1351 3023 Georgio
1395 2939 1722 3003 ‘militibus
1783 2938 2310 3003 ambaxiatoribus
2371 2957 2580 3003 eorum
2643 2940 2718 3003 ad
2781 2940 2977 3003 nostri
3036 2957 3178 3003 con-

453 3031 770 3113 spectum,
833 3028 1260 3111 significarunt
1315 3028 1524 3091 nostre
1588 3026 1936 3102 maiestati,
1999 3027 2158 3107 quod
2235 3026 2513 3090 nonnulli
2577 3026 2814 3091 nobiles
2884 3027 3048 3091 cives
3117 3028 3180 3091 et

456 3116 713 3180 alterius
759 3117 963 3179 status
1011 3114 1203 3196 ipsius
1250 3113 1424 3196 regni
1471 3115 1665 3178 nostri
1712 3112 2056 3178 Dalmatini
2087 3114 2368 3178 homines
2414 3131 2599 3195 quam
2641 3113 2920 3196 pluribus
2966 3114 3181 3178 subdi-

456 3205 539 3269 tis
572 3201 901 3267 eorundem
933 3201 1166 3266 domini
1211 3201 1384 3266 ducis
1429 3203 1493 3264 et
1536 3202 1882 3266 communis
1924 3200 2313 3265 Venetiarum
2356 3201 2715 3283 plerumque
2761 3202 2824 3265 in
2863 3200 3177 3282 aliquibus

351 3300 356 3311 '
454 3292 520 3356 et
563 3289 806 3373 maguis
866 3289 1126 3353 summis
1189 3290 1587 3372 pecuniarum
1649 3287 1950 3353 debitoris
2010 3287 2464 3371 obligarentur,
2529 3289 2604 3352 de
2666 3288 2890 3371 quibus
2943 3291 3179 3353 ratione

456 3378 716 3462 pristine
770 3394 1007 3459 guerre,
1034 3376 1099 3439 iu
1122 3395 1242 3458 qua
1265 3380 1572 3441 annuente
1597 3376 1843 3440 domino
1886 3375 2151 3440 feliciter
2173 3375 2561 3458 pervenimus
2586 3374 2663 3439 ad
2688 3375 2854 3458 pacis
2877 3376 3180 3454 unionem,

456 3467 604 3548 ipsis
650 3464 1012 3546 respondere
1056 3482 1175 3527 non
1221 3464 1526 3528 curarent.
1591 3463 1748 3529 Cum
1794 3464 2004 3527 tamen
2055 3463 2258 3545 vigore
2304 3463 2472 3545 pacis
2522 3464 2587 3527 et
2637 3465 2955 3545 pactorum
3008 3466 3184 3527 utro-

456 3554 642 3635 bique
702 3552 998 3615 initorum
1061 3551 1205 3614 hinc
1262 3552 1403 3615 inde
1465 3551 1672 3615 debita
1730 3550 2016 3614 universa
2063 3550 2355 3615 deberent
2413 3550 2700 3630 refundi,
2769 3551 3057 3615 resarciri
3115 3554 3181 3616 et

459 3640 752 3724 persolvi3
801 3638 1024 3702 idcirco
1069 3641 1271 3702 vestre
1318 3638 1606 3702 fidelitati
1652 3637 1870 3701 damus
1916 3638 1978 3701 in
2024 3638 2363 3715 mandatis,
2406 3640 2706 3719 quatenus
2757 3639 2906 3704 visis
2953 3640 3174 3703 statim

454 3727 865 3810 presentibuS,
912 3744 984 3789 ex
1037 3727 1214 3808 parte
1268 3726 1542 3790 omnium
1577 3725 1828 3789 illorum
1861 3724 2184 3804 nobilium,
2231 3727 2479 3802 civium,
2514 3724 2962 3795 insulanorum,
3005 3727 3176 3808 igno-

456 3817 676 3881 bilium
725 3818 786 3879 et
831 3813 1092 3877 aliorum
1128 3830 1651 3894 quorumcumque
1697 3812 2217 3891 Dalmatinorum,
2263 3831 2415 3895 quos
2463 3812 2653 3876 iidem
2695 3811 2929 3876 subditi
2977 3812 3176 3876 Vene-

455 3907 661 3968 torum
710 3901 1021 3967 debitores
1068 3900 1185 3965 sibi
1231 3900 1358 3964 fore
1404 3901 1721 3964 ascribunt
1766 3904 1829 3964 et
1861 3901 2164 3979 asserunt,
2211 3901 2299 3964 eis
2347 3903 2411 3964 et
2454 3898 2717 3982 singulis
2751 3918 2958 3963 eorum
3005 3898 3178 3964 iuxta

453 3991 714 4055 formam
764 3988 1071 4053 dictorum
1119 3988 1286 4068 pacis
1326 3990 1390 4052 et
1429 3989 1750 4069 pactorum
1786 3987 2353 4068 supernominatam
2388 3988 2684 4065 debitum,
2737 4005 2996 4062 merum,
3044 3985 3177 4068 ple-

457 4098 624 4155 num,
667 4078 900 4141 iustum
950 4078 1013 4139 et
1061 4073 1389 4139 indilatum
1432 4074 1732 4139 iudicium
1796 4075 2172 4153 exhibeatis,
2226 4074 2447 4152 favore,
2480 4073 2619 4138 odio
2684 4077 2749 4136 et
2793 4091 2998 4138 amore
3041 4075 3181 4156 qui-

456 4164 667 4231 busvis
732 4162 1023 4238 semotiS‚
1087 4163 1417 4227 dummodo
1477 4161 1798 4227 fidelibus·
1838 4163 2068 4226 nostris
2135 4161 2402 4225 subditis
2464 4166 2528 4225 et
2584 4161 2804 4226 incolis
2848 4178 3177 4244 regnorum

454 4255 801 4317 nostrorum
841 4251 915 4315 de
952 4249 1198 4326 debitiS,
1238 4250 1458 4332 quibus
1505 4268 1640 4313 sese
1674 4248 1894 4313 Veneti
1943 4249 2063 4313 sibi
2094 4249 2471 4332 obligantur,
2518 4249 2757 4331 equalis
2792 4249 2902 4313 fiat
2940 4247 3186 4331 justitie

453 4340 751 4421 impensio
781 4339 1091 4421 reciproca
1136 4337 1290 4403 vice.
1351 4336 1541 4401 Aliud
1600 4335 1791 4419 igitur
1839 4355 1955 4400 non
2007 4335 2227 4401 facturi
2265 4335 2465 4420 gratie
2497 4336 2701 4401 nostre
2747 4336 2861 4400 sub
2908 4334 3184 4400 obtentu.

451 4429 684 4493 Datum
732 4426 850 4490 etc.

659 4514 733 4576 In
781 4512 1100 4595 premissis
1164 4513 1371 4576 autem
1421 4511 1656 4576 litteris
1702 4529 1823 4575 non
1870 4512 2003 4575 erat
2047 4528 2330 4593 expressa
2371 4511 2501 4575 dies
2547 4510 2707 4575 date.

539 4601 1108 4664 Commemorialium
1165 4602 1347 4661 VIII.
1393 4604 1493 4671 50,
1535 4618 1577 4660 u
1621 4602 1776 4661 meet.
1827 4603 2062 4661 arkivu.
