<?xml version="1.0" encoding="UTF-8"?>
<!DOCTYPE html PUBLIC "-//W3C//DTD XHTML 1.0 Transitional//EN"
    "http://www.w3.org/TR/xhtml1/DTD/xhtml1-transitional.dtd">
<html xmlns="http://www.w3.org/1999/xhtml" xml:lang="en" lang="en">
 <head>
  <title>
</title>
<meta http-equiv="Content-Type" content="text/html;charset=utf-8" />
  <meta name='ocr-system' content='tesseract 3.04.00' />
  <meta name='ocr-capabilities' content='ocr_page ocr_carea ocr_par ocr_line ocrx_word'/>
</head>
<body>
  <div class='ocr_page' id='page_1' title='image "./monumentaspecta02umjegoog_0724.png"; bbox 0 0 3620 5282; ppageno 0'>
   <div class='ocr_carea' id='block_1_1' title="bbox 512 387 638 454">
    <p class='ocr_par' dir='ltr' id='par_1_1' title="bbox 512 387 638 454">
     <span class='ocr_line' id='line_1_1' title="bbox 512 387 638 454; baseline 0.008 -2"><span class='ocrx_word' id='word_1_1' title='bbox 512 387 638 454; x_wconf 80' lang='lat'><strong>172</strong></span> 
     </span>
    </p>
   </div>
   <div class='ocr_carea' id='block_1_2' title="bbox 502 563 3226 4889">
    <p class='ocr_par' dir='ltr' id='par_1_2' title="bbox 502 563 3224 3918">
     <span class='ocr_line' id='line_1_2' title="bbox 504 563 3218 652; baseline 0.001 -24"><span class='ocrx_word' id='word_1_2' title='bbox 504 563 674 647; x_wconf 82' lang='lat' dir='ltr'><strong>pacis</strong></span> <span class='ocrx_word' id='word_1_3' title='bbox 720 565 960 631; x_wconf 87' lang='lat' dir='ltr'><strong>firmate</strong></span> <span class='ocrx_word' id='word_1_4' title='bbox 1003 564 1168 631; x_wconf 91' lang='lat' dir='ltr'><strong>inter</strong></span> <span class='ocrx_word' id='word_1_5' title='bbox 1213 564 1667 642; x_wconf 71' lang='lat' dir='ltr'>serenissimam</span> <span class='ocrx_word' id='word_1_6' title='bbox 1715 569 1951 652; x_wconf 91' lang='lat' dir='ltr'><strong>regiam</strong></span> <span class='ocrx_word' id='word_1_7' title='bbox 2000 566 2390 634; x_wconf 89' lang='lat' dir='ltr'><strong>maiestatem</strong></span> <span class='ocrx_word' id='word_1_8' title='bbox 2436 585 2614 634; x_wconf 89' lang='lat' dir='ltr'><strong>suam</strong></span> <span class='ocrx_word' id='word_1_9' title='bbox 2661 568 2727 634; x_wconf 87' lang='lat' dir='ltr'><strong>et</strong></span> <span class='ocrx_word' id='word_1_10' title='bbox 2771 585 2880 633; x_wconf 92' lang='lat' dir='ltr'><strong>nos</strong></span> <span class='ocrx_word' id='word_1_11' title='bbox 2941 568 3006 633; x_wconf 87' lang='lat' dir='ltr'><strong>et</strong></span> <span class='ocrx_word' id='word_1_12' title='bbox 3048 584 3218 633; x_wconf 88' lang='lat' dir='ltr'><strong>com-</strong></span> 
     </span>
     <span class='ocr_line' id='line_1_3' title="bbox 506 654 3218 740; baseline 0.001 -23"><span class='ocrx_word' id='word_1_13' title='bbox 506 670 690 718; x_wconf 89' lang='lat' dir='ltr'><strong>mune</strong></span> <span class='ocrx_word' id='word_1_14' title='bbox 735 658 1015 718; x_wconf 90' lang='lat' dir='ltr'><strong>nostrum</strong></span> <span class='ocrx_word' id='word_1_15' title='bbox 1062 654 1227 721; x_wconf 88' lang='lat' dir='ltr'><strong>dicte</strong></span> <span class='ocrx_word' id='word_1_16' title='bbox 1275 657 1478 738; x_wconf 87' lang='lat' dir='ltr'><strong>partes</strong></span> <span class='ocrx_word' id='word_1_17' title='bbox 1526 659 1852 722; x_wconf 88' lang='lat' dir='ltr'><strong>teneantur</strong></span> <span class='ocrx_word' id='word_1_18' title='bbox 1896 658 2203 723; x_wconf 85' lang='lat' dir='ltr'><strong>ratificare</strong></span> <span class='ocrx_word' id='word_1_19' title='bbox 2262 659 2611 740; x_wconf 80' lang='lat' dir='ltr'><strong>presentem</strong></span> <span class='ocrx_word' id='word_1_20' title='bbox 2681 674 2892 739; x_wconf 87' lang='lat' dir='ltr'><strong>pacem</strong></span> <span class='ocrx_word' id='word_1_21' title='bbox 2951 656 3015 722; x_wconf 88' lang='lat' dir='ltr'><strong>et</strong></span> <span class='ocrx_word' id='word_1_22' title='bbox 3072 673 3218 720; x_wconf 89' lang='lat' dir='ltr'><strong>con-</strong></span> 
     </span>
     <span class='ocr_line' id='line_1_4' title="bbox 506 741 3216 826; baseline 0.002 -23"><span class='ocrx_word' id='word_1_23' title='bbox 506 742 681 806; x_wconf 88' lang='lat' dir='ltr'><strong>tenta</strong></span> <span class='ocrx_word' id='word_1_24' title='bbox 724 741 788 806; x_wconf 93' lang='lat' dir='ltr'><strong>in</strong></span> <span class='ocrx_word' id='word_1_25' title='bbox 834 760 921 813; x_wconf 77' lang='lat' dir='ltr'><strong>ea,</strong></span> <span class='ocrx_word' id='word_1_26' title='bbox 967 745 1031 807; x_wconf 88' lang='lat' dir='ltr'><strong>et</strong></span> <span class='ocrx_word' id='word_1_27' title='bbox 1078 743 1233 826; x_wconf 92' lang='lat' dir='ltr'><strong>quod</strong></span> <span class='ocrx_word' id='word_1_28' title='bbox 1293 745 1574 810; x_wconf 90' lang='lat' dir='ltr'><strong>dominus</strong></span> <span class='ocrx_word' id='word_1_29' title='bbox 1637 746 1758 810; x_wconf 86' lang='lat' dir='ltr'><strong>dux</strong></span> <span class='ocrx_word' id='word_1_30' title='bbox 1822 746 1884 811; x_wconf 92' lang='lat' dir='ltr'><strong>in</strong></span> <span class='ocrx_word' id='word_1_31' title='bbox 1934 745 2188 811; x_wconf 90' lang='lat' dir='ltr'><strong>consilio</strong></span> <span class='ocrx_word' id='word_1_32' title='bbox 2248 746 2512 812; x_wconf 81' lang='lat' dir='ltr'><strong>habente</strong></span> <span class='ocrx_word' id='word_1_33' title='bbox 2568 744 2983 811; x_wconf 83' lang='lat' dir='ltr'><strong>omnimodam</strong></span> <span class='ocrx_word' id='word_1_34' title='bbox 3046 748 3216 825; x_wconf 89' lang='lat' dir='ltr'><strong>pote-</strong></span> 
     </span>
     <span class='ocr_line' id='line_1_5' title="bbox 504 828 3219 917; baseline 0.001 -25"><span class='ocrx_word' id='word_1_35' title='bbox 504 828 753 908; x_wconf 89' lang='lat' dir='ltr'><strong>statem,</strong></span> <span class='ocrx_word' id='word_1_36' title='bbox 801 828 866 895; x_wconf 92' lang='lat' dir='ltr'><strong>in</strong></span> <span class='ocrx_word' id='word_1_37' title='bbox 911 848 1028 912; x_wconf 88' lang='lat' dir='ltr'><strong>quo</strong></span> <span class='ocrx_word' id='word_1_38' title='bbox 1112 831 1379 898; x_wconf 90' lang='lat' dir='ltr'><strong>debeant</strong></span> <span class='ocrx_word' id='word_1_39' title='bbox 1433 833 1651 898; x_wconf 83' lang='lat' dir='ltr'><strong>adesse</strong></span> <span class='ocrx_word' id='word_1_40' title='bbox 1719 833 1851 917; x_wconf 90' lang='lat' dir='ltr'><strong>ipse</strong></span> <span class='ocrx_word' id='word_1_41' title='bbox 1924 833 2208 900; x_wconf 90' lang='lat' dir='ltr'><strong>dominus</strong></span> <span class='ocrx_word' id='word_1_42' title='bbox 2283 834 2426 912; x_wconf 84' lang='lat' dir='ltr'><strong>dux,</strong></span> <span class='ocrx_word' id='word_1_43' title='bbox 2484 852 2588 899; x_wconf 87' lang='lat' dir='ltr'><strong>sex</strong></span> <span class='ocrx_word' id='word_1_44' title='bbox 2678 833 3033 911; x_wconf 89' lang='lat' dir='ltr'><strong>consiliarii,</strong></span> <span class='ocrx_word' id='word_1_45' title='bbox 3097 831 3219 896; x_wconf 89' lang='lat' dir='ltr'><strong>tria</strong></span> 
     </span>
     <span class='ocr_line' id='line_1_6' title="bbox 504 915 3216 1006; baseline 0.002 -27"><span class='ocrx_word' id='word_1_46' title='bbox 504 915 710 999; x_wconf 88' lang='lat' dir='ltr'><strong>capita</strong></span> <span class='ocrx_word' id='word_1_47' title='bbox 757 918 832 983; x_wconf 90' lang='lat' dir='ltr'><strong>de</strong></span> <span class='ocrx_word' id='word_1_48' title='bbox 876 917 1006 998; x_wconf 82' lang='lat' dir='ltr'><strong>XL,</strong></span> <span class='ocrx_word' id='word_1_49' title='bbox 1054 920 1364 1001; x_wconf 90' lang='lat' dir='ltr'><strong>sapientes</strong></span> <span class='ocrx_word' id='word_1_50' title='bbox 1411 922 1484 986; x_wconf 87' lang='lat' dir='ltr'><strong>de</strong></span> <span class='ocrx_word' id='word_1_51' title='bbox 1528 939 1774 1006; x_wconf 85' lang='lat' dir='ltr'><strong>guerra,</strong></span> <span class='ocrx_word' id='word_1_52' title='bbox 1823 922 2146 989; x_wconf 91' lang='lat' dir='ltr'><strong>consilium</strong></span> <span class='ocrx_word' id='word_1_53' title='bbox 2191 922 2269 987; x_wconf 91' lang='lat' dir='ltr'><strong>de</strong></span> <span class='ocrx_word' id='word_1_54' title='bbox 2312 922 2443 997; x_wconf 84' lang='lat' dir='ltr'><strong>XL,</strong></span> <span class='ocrx_word' id='word_1_55' title='bbox 2491 921 2818 988; x_wconf 89' lang='lat' dir='ltr'><strong>consilium</strong></span> <span class='ocrx_word' id='word_1_56' title='bbox 2857 924 3216 1004; x_wconf 88' lang='lat' dir='ltr'><strong>rogatorum</strong></span> 
     </span>
     <span class='ocr_line' id='line_1_7' title="bbox 505 1005 3220 1092; baseline 0.001 -24"><span class='ocrx_word' id='word_1_57' title='bbox 505 1006 569 1068; x_wconf 87' lang='lat' dir='ltr'><strong>et</strong></span> <span class='ocrx_word' id='word_1_58' title='bbox 613 1005 936 1071; x_wconf 91' lang='lat' dir='ltr'><strong>consilium</strong></span> <span class='ocrx_word' id='word_1_59' title='bbox 982 1007 1270 1074; x_wconf 88' lang='lat' dir='ltr'><strong>adiuncte</strong></span> <span class='ocrx_word' id='word_1_60' title='bbox 1314 1010 1556 1075; x_wconf 91' lang='lat' dir='ltr'><strong>nomine</strong></span> <span class='ocrx_word' id='word_1_61' title='bbox 1601 1008 1754 1075; x_wconf 89' lang='lat' dir='ltr'><strong>dicti</strong></span> <span class='ocrx_word' id='word_1_62' title='bbox 1801 1011 2143 1076; x_wconf 90' lang='lat' dir='ltr'><strong>communis</strong></span> <span class='ocrx_word' id='word_1_63' title='bbox 2204 1014 2528 1076; x_wconf 89' lang='lat' dir='ltr'><strong>teneantur</strong></span> <span class='ocrx_word' id='word_1_64' title='bbox 2587 1009 2938 1092; x_wconf 88' lang='lat' dir='ltr'><strong>emologare</strong></span> <span class='ocrx_word' id='word_1_65' title='bbox 2997 1011 3061 1073; x_wconf 89' lang='lat' dir='ltr'><strong>et</strong></span> <span class='ocrx_word' id='word_1_66' title='bbox 3110 1026 3220 1089; x_wconf 87' lang='lat' dir='ltr'><strong>ap-</strong></span> 
     </span>
     <span class='ocr_line' id='line_1_8' title="bbox 504 1090 3219 1181; baseline 0.002 -26"><span class='ocrx_word' id='word_1_67' title='bbox 504 1090 761 1173; x_wconf 89' lang='lat' dir='ltr'><strong>probare</strong></span> <span class='ocrx_word' id='word_1_68' title='bbox 804 1095 1006 1177; x_wconf 84' lang='lat' dir='ltr'><strong>ipsam</strong></span> <span class='ocrx_word' id='word_1_69' title='bbox 1050 1114 1263 1180; x_wconf 85' lang='lat' dir='ltr'><strong>pacem</strong></span> <span class='ocrx_word' id='word_1_70' title='bbox 1310 1102 1374 1164; x_wconf 90' lang='lat' dir='ltr'><strong>et</strong></span> <span class='ocrx_word' id='word_1_71' title='bbox 1418 1097 1623 1163; x_wconf 90' lang='lat' dir='ltr'><strong>omnia</strong></span> <span class='ocrx_word' id='word_1_72' title='bbox 1667 1100 1955 1165; x_wconf 88' lang='lat' dir='ltr'><strong>contenta</strong></span> <span class='ocrx_word' id='word_1_73' title='bbox 2024 1101 2083 1164; x_wconf 89' lang='lat' dir='ltr'><strong>in</strong></span> <span class='ocrx_word' id='word_1_74' title='bbox 2130 1116 2220 1179; x_wconf 89' lang='lat' dir='ltr'><strong>ea,</strong></span> <span class='ocrx_word' id='word_1_75' title='bbox 2292 1099 2466 1164; x_wconf 90' lang='lat' dir='ltr'><strong>cuius</strong></span> <span class='ocrx_word' id='word_1_76' title='bbox 2526 1098 2696 1181; x_wconf 90' lang='lat' dir='ltr'><strong>pacis</strong></span> <span class='ocrx_word' id='word_1_77' title='bbox 2752 1098 2990 1180; x_wconf 91' lang='lat' dir='ltr'><strong>copiam</strong></span> <span class='ocrx_word' id='word_1_78' title='bbox 3044 1096 3219 1161; x_wconf 90' lang='lat' dir='ltr'><strong>vobis</strong></span> 
     </span>
     <span class='ocr_line' id='line_1_9' title="bbox 503 1178 3219 1267; baseline 0.001 -23"><span class='ocrx_word' id='word_1_79' title='bbox 503 1178 762 1247; x_wconf 86' lang='lat' dir='ltr'><strong>fecimus</strong></span> <span class='ocrx_word' id='word_1_80' title='bbox 830 1182 1104 1250; x_wconf 84' lang='lat' dir='ltr'><strong>exhiberi</strong></span> <span class='ocrx_word' id='word_1_81' title='bbox 1167 1204 1274 1267; x_wconf 89' lang='lat' dir='ltr'><strong>pro</strong></span> <span class='ocrx_word' id='word_1_82' title='bbox 1336 1192 1542 1252; x_wconf 87' lang='lat' dir='ltr'><strong>vestra</strong></span> <span class='ocrx_word' id='word_1_83' title='bbox 1606 1186 2068 1253; x_wconf 81' lang='lat' dir='ltr'><strong>informatione:</strong></span> <span class='ocrx_word' id='word_1_84' title='bbox 2128 1190 2195 1253; x_wconf 92' lang='lat' dir='ltr'><strong>et</strong></span> <span class='ocrx_word' id='word_1_85' title='bbox 2255 1188 2538 1252; x_wconf 91' lang='lat' dir='ltr'><strong>dominus</strong></span> <span class='ocrx_word' id='word_1_86' title='bbox 2598 1187 2717 1251; x_wconf 84' lang='lat' dir='ltr'><strong>dux</strong></span> <span class='ocrx_word' id='word_1_87' title='bbox 2774 1185 2839 1250; x_wconf 93' lang='lat' dir='ltr'><strong>et</strong></span> <span class='ocrx_word' id='word_1_88' title='bbox 2881 1202 3090 1250; x_wconf 91' lang='lat' dir='ltr'><strong>omnes</strong></span> <span class='ocrx_word' id='word_1_89' title='bbox 3143 1184 3219 1248; x_wconf 91' lang='lat' dir='ltr'><strong>de</strong></span> 
     </span>
     <span class='ocr_line' id='line_1_10' title="bbox 504 1266 3222 1357; baseline 0.001 -25"><span class='ocrx_word' id='word_1_90' title='bbox 504 1266 671 1334; x_wconf 92' lang='lat' dir='ltr'><strong>dicto</strong></span> <span class='ocrx_word' id='word_1_91' title='bbox 716 1270 971 1336; x_wconf 90' lang='lat' dir='ltr'><strong>consilio</strong></span> <span class='ocrx_word' id='word_1_92' title='bbox 1016 1274 1343 1340; x_wconf 87' lang='lat' dir='ltr'><strong>teneantur</strong></span> <span class='ocrx_word' id='word_1_93' title='bbox 1391 1277 1462 1340; x_wconf 94' lang='lat' dir='ltr'><strong>de</strong></span> <span class='ocrx_word' id='word_1_94' title='bbox 1500 1275 1889 1341; x_wconf 89' lang='lat' dir='ltr'><strong>observantia</strong></span> <span class='ocrx_word' id='word_1_95' title='bbox 1940 1276 2338 1357; x_wconf 77' lang='lat' dir='ltr'><strong>corporaliter</strong></span> <span class='ocrx_word' id='word_1_96' title='bbox 2383 1277 2447 1340; x_wconf 90' lang='lat' dir='ltr'><strong>et</strong></span> <span class='ocrx_word' id='word_1_97' title='bbox 2492 1292 2773 1356; x_wconf 85' lang='lat' dir='ltr'><strong>expresse</strong></span> <span class='ocrx_word' id='word_1_98' title='bbox 2804 1273 3006 1339; x_wconf 89' lang='lat' dir='ltr'><strong>iurare</strong></span> <span class='ocrx_word' id='word_1_99' title='bbox 3037 1290 3222 1354; x_wconf 87' lang='lat' dir='ltr'><strong>super</strong></span> 
     </span>
     <span class='ocr_line' id='line_1_11' title="bbox 504 1359 3220 1446; baseline 0.001 -25"><span class='ocrx_word' id='word_1_100' title='bbox 504 1359 636 1422; x_wconf 91' lang='lat' dir='ltr'><strong>tota</strong></span> <span class='ocrx_word' id='word_1_101' title='bbox 697 1376 846 1440; x_wconf 84' lang='lat' dir='ltr'><strong>pace</strong></span> <span class='ocrx_word' id='word_1_102' title='bbox 891 1362 1188 1441; x_wconf 88' lang='lat' dir='ltr'><strong>predicta,</strong></span> <span class='ocrx_word' id='word_1_103' title='bbox 1259 1365 1321 1426; x_wconf 87' lang='lat' dir='ltr'><strong>et</strong></span> <span class='ocrx_word' id='word_1_104' title='bbox 1387 1363 1545 1446; x_wconf 91' lang='lat' dir='ltr'><strong>quod</strong></span> <span class='ocrx_word' id='word_1_105' title='bbox 1590 1382 1801 1429; x_wconf 92' lang='lat' dir='ltr'><strong>omnes</strong></span> <span class='ocrx_word' id='word_1_106' title='bbox 1869 1363 2051 1429; x_wconf 86' lang='lat' dir='ltr'><strong>duces</strong></span> <span class='ocrx_word' id='word_1_107' title='bbox 2100 1364 2520 1441; x_wconf 86' lang='lat' dir='ltr'><strong>Venetiarum,</strong></span> <span class='ocrx_word' id='word_1_108' title='bbox 2592 1363 2696 1446; x_wconf 90' lang='lat' dir='ltr'><strong>qui</strong></span> <span class='ocrx_word' id='word_1_109' title='bbox 2764 1378 2875 1445; x_wconf 87' lang='lat' dir='ltr'><strong>pro</strong></span> <span class='ocrx_word' id='word_1_110' title='bbox 2943 1363 3220 1442; x_wconf 86' lang='lat' dir='ltr'><strong>tempore</strong></span> 
     </span>
     <span class='ocr_line' id='line_1_12' title="bbox 504 1446 3224 1536; baseline 0.001 -26"><span class='ocrx_word' id='word_1_111' title='bbox 504 1446 704 1525; x_wconf 87' lang='lat' dir='ltr'><strong>erunt,</strong></span> <span class='ocrx_word' id='word_1_112' title='bbox 729 1464 870 1512; x_wconf 90' lang='lat' dir='ltr'><strong>cum</strong></span> <span class='ocrx_word' id='word_1_113' title='bbox 918 1466 1133 1515; x_wconf 90' lang='lat' dir='ltr'><strong>eorum</strong></span> <span class='ocrx_word' id='word_1_114' title='bbox 1179 1452 1451 1517; x_wconf 89' lang='lat' dir='ltr'><strong>consiliis</strong></span> <span class='ocrx_word' id='word_1_115' title='bbox 1497 1451 1788 1535; x_wconf 80' lang='lat' dir='ltr'><strong>predictis</strong></span> <span class='ocrx_word' id='word_1_116' title='bbox 1834 1470 2076 1536; x_wconf 90' lang='lat' dir='ltr'><strong>semper</strong></span> <span class='ocrx_word' id='word_1_117' title='bbox 2123 1455 2186 1518; x_wconf 90' lang='lat' dir='ltr'><strong>et</strong></span> <span class='ocrx_word' id='word_1_118' title='bbox 2247 1451 2754 1535; x_wconf 88' lang='lat' dir='ltr'><strong>quandocumque</strong></span> <span class='ocrx_word' id='word_1_119' title='bbox 2815 1451 2894 1514; x_wconf 91' lang='lat' dir='ltr'><strong>ad</strong></span> <span class='ocrx_word' id='word_1_120' title='bbox 2957 1447 3224 1531; x_wconf 90' lang='lat' dir='ltr'><strong>requisi-</strong></span> 
     </span>
     <span class='ocr_line' id='line_1_13' title="bbox 503 1531 3221 1624; baseline 0.001 -28"><span class='ocrx_word' id='word_1_121' title='bbox 503 1531 733 1599; x_wconf 90' lang='lat' dir='ltr'><strong>tionem</strong></span> <span class='ocrx_word' id='word_1_122' title='bbox 781 1536 1004 1617; x_wconf 84' lang='lat' dir='ltr'><strong>profati</strong></span> <span class='ocrx_word' id='word_1_123' title='bbox 1049 1539 1421 1605; x_wconf 88' lang='lat' dir='ltr'><strong>serenissimi</strong></span> <span class='ocrx_word' id='word_1_124' title='bbox 1469 1540 1700 1606; x_wconf 90' lang='lat' dir='ltr'><strong>domini</strong></span> <span class='ocrx_word' id='word_1_125' title='bbox 1744 1540 1910 1624; x_wconf 88' lang='lat' dir='ltr'><strong>regis</strong></span> <span class='ocrx_word' id='word_1_126' title='bbox 1954 1542 2019 1606; x_wconf 88' lang='lat' dir='ltr'><strong>et</strong></span> <span class='ocrx_word' id='word_1_127' title='bbox 2057 1558 2475 1607; x_wconf 89' lang='lat' dir='ltr'><strong>successorum</strong></span> <span class='ocrx_word' id='word_1_128' title='bbox 2507 1538 2638 1604; x_wconf 92' lang='lat' dir='ltr'><strong>eius</strong></span> <span class='ocrx_word' id='word_1_129' title='bbox 2671 1540 2996 1603; x_wconf 86' lang='lat' dir='ltr'><strong>teneantur</strong></span> <span class='ocrx_word' id='word_1_130' title='bbox 3027 1535 3221 1602; x_wconf 80' lang='lat' dir='ltr'><strong>semel</strong></span> 
     </span>
     <span class='ocr_line' id='line_1_14' title="bbox 503 1622 3221 1712; baseline 0.001 -27"><span class='ocrx_word' id='word_1_131' title='bbox 503 1622 747 1687; x_wconf 88' lang='lat' dir='ltr'><strong>tantum</strong></span> <span class='ocrx_word' id='word_1_132' title='bbox 787 1644 895 1707; x_wconf 93' lang='lat' dir='ltr'><strong>pro</strong></span> <span class='ocrx_word' id='word_1_133' title='bbox 937 1625 1214 1708; x_wconf 89' lang='lat' dir='ltr'><strong>quolibet</strong></span> <span class='ocrx_word' id='word_1_134' title='bbox 1259 1628 1411 1693; x_wconf 89' lang='lat' dir='ltr'><strong>duce</strong></span> <span class='ocrx_word' id='word_1_135' title='bbox 1457 1631 1730 1712; x_wconf 87' lang='lat' dir='ltr'><strong>prestare</strong></span> <span class='ocrx_word' id='word_1_136' title='bbox 1777 1630 2009 1694; x_wconf 88' lang='lat' dir='ltr'><strong>dictum</strong></span> <span class='ocrx_word' id='word_1_137' title='bbox 2059 1629 2489 1693; x_wconf 87' lang='lat' dir='ltr'><strong>iuramentum.</strong></span> <span class='ocrx_word' id='word_1_138' title='bbox 2548 1626 2632 1691; x_wconf 86' lang='lat' dir='ltr'><strong>Et</strong></span> <span class='ocrx_word' id='word_1_139' title='bbox 2678 1644 2857 1693; x_wconf 88' lang='lat' dir='ltr'><strong>versa</strong></span> <span class='ocrx_word' id='word_1_140' title='bbox 2904 1627 3035 1690; x_wconf 90' lang='lat' dir='ltr'><strong>vice</strong></span> <span class='ocrx_word' id='word_1_141' title='bbox 3079 1644 3221 1707; x_wconf 90' lang='lat' dir='ltr'><strong>pre-</strong></span> 
     </span>
     <span class='ocr_line' id='line_1_15' title="bbox 504 1708 3221 1799; baseline 0.002 -27"><span class='ocrx_word' id='word_1_142' title='bbox 504 1708 671 1775; x_wconf 91' lang='lat' dir='ltr'><strong>fatus</strong></span> <span class='ocrx_word' id='word_1_143' title='bbox 719 1711 1003 1778; x_wconf 91' lang='lat' dir='ltr'><strong>dominus</strong></span> <span class='ocrx_word' id='word_1_144' title='bbox 1049 1733 1151 1780; x_wconf 84' lang='lat' dir='ltr'><strong>rex</strong></span> <span class='ocrx_word' id='word_1_145' title='bbox 1197 1717 1262 1781; x_wconf 90' lang='lat' dir='ltr'><strong>et</strong></span> <span class='ocrx_word' id='word_1_146' title='bbox 1306 1716 1534 1799; x_wconf 87' lang='lat' dir='ltr'><strong>singuli</strong></span> <span class='ocrx_word' id='word_1_147' title='bbox 1581 1716 1713 1782; x_wconf 91' lang='lat' dir='ltr'><strong>eius</strong></span> <span class='ocrx_word' id='word_1_148' title='bbox 1776 1717 1838 1781; x_wconf 92' lang='lat' dir='ltr'><strong>in</strong></span> <span class='ocrx_word' id='word_1_149' title='bbox 1886 1719 2195 1799; x_wconf 87' lang='lat' dir='ltr'><strong>posterum</strong></span> <span class='ocrx_word' id='word_1_150' title='bbox 2256 1734 2635 1781; x_wconf 88' lang='lat' dir='ltr'><strong>successores</strong></span> <span class='ocrx_word' id='word_1_151' title='bbox 2700 1713 2987 1779; x_wconf 86' lang='lat' dir='ltr'><strong>similiter</strong></span> <span class='ocrx_word' id='word_1_152' title='bbox 3048 1715 3221 1777; x_wconf 92' lang='lat' dir='ltr'><strong>tene-</strong></span> 
     </span>
     <span class='ocr_line' id='line_1_16' title="bbox 503 1798 3218 1888; baseline 0.001 -27"><span class='ocrx_word' id='word_1_153' title='bbox 503 1802 687 1864; x_wconf 90' lang='lat' dir='ltr'><strong>antur</strong></span> <span class='ocrx_word' id='word_1_154' title='bbox 730 1798 807 1864; x_wconf 90' lang='lat' dir='ltr'><strong>de</strong></span> <span class='ocrx_word' id='word_1_155' title='bbox 852 1803 1242 1869; x_wconf 87' lang='lat' dir='ltr'><strong>observantia</strong></span> <span class='ocrx_word' id='word_1_156' title='bbox 1310 1806 1510 1870; x_wconf 91' lang='lat' dir='ltr'><strong>tocius</strong></span> <span class='ocrx_word' id='word_1_157' title='bbox 1579 1807 1883 1888; x_wconf 90' lang='lat' dir='ltr'><strong>presentis</strong></span> <span class='ocrx_word' id='word_1_158' title='bbox 1950 1805 2119 1887; x_wconf 89' lang='lat' dir='ltr'><strong>pacis</strong></span> <span class='ocrx_word' id='word_1_159' title='bbox 2183 1816 2247 1869; x_wconf 89' lang='lat' dir='ltr'><strong>et</strong></span> <span class='ocrx_word' id='word_1_160' title='bbox 2315 1803 2749 1870; x_wconf 74' lang='lat' dir='ltr'><strong>transactionis</strong></span> <span class='ocrx_word' id='word_1_161' title='bbox 2814 1808 2878 1869; x_wconf 90' lang='lat' dir='ltr'><strong>et</strong></span> <span class='ocrx_word' id='word_1_162' title='bbox 2942 1801 3218 1868; x_wconf 91' lang='lat' dir='ltr'><strong>omnium</strong></span> 
     </span>
     <span class='ocr_line' id='line_1_17' title="bbox 502 1889 3223 1976; baseline 0.001 -26"><span class='ocrx_word' id='word_1_163' title='bbox 502 1889 925 1954; x_wconf 90' lang='lat' dir='ltr'><strong>contentorum</strong></span> <span class='ocrx_word' id='word_1_164' title='bbox 971 1889 1035 1955; x_wconf 91' lang='lat' dir='ltr'><strong>in</strong></span> <span class='ocrx_word' id='word_1_165' title='bbox 1081 1910 1153 1957; x_wconf 89' lang='lat' dir='ltr'><strong>ea</strong></span> <span class='ocrx_word' id='word_1_166' title='bbox 1192 1892 1393 1958; x_wconf 85' lang='lat' dir='ltr'><strong>iurare</strong></span> <span class='ocrx_word' id='word_1_167' title='bbox 1440 1894 1855 1976; x_wconf 84' lang='lat' dir='ltr'><strong>corporaliter,</strong></span> <span class='ocrx_word' id='word_1_168' title='bbox 1911 1895 1979 1958; x_wconf 91' lang='lat' dir='ltr'><strong>ut</strong></span> <span class='ocrx_word' id='word_1_169' title='bbox 2019 1891 2339 1975; x_wconf 87' lang='lat' dir='ltr'><strong>prefertur,</strong></span> <span class='ocrx_word' id='word_1_170' title='bbox 2364 1911 2474 1975; x_wconf 94' lang='lat' dir='ltr'><strong>pro</strong></span> <span class='ocrx_word' id='word_1_171' title='bbox 2520 1891 2797 1975; x_wconf 91' lang='lat' dir='ltr'><strong>quolibet</strong></span> <span class='ocrx_word' id='word_1_172' title='bbox 2840 1909 2983 1974; x_wconf 87' lang='lat' dir='ltr'><strong>rege</strong></span> <span class='ocrx_word' id='word_1_173' title='bbox 3026 1889 3223 1955; x_wconf 86' lang='lat' dir='ltr'><strong>semel</strong></span> 
     </span>
     <span class='ocr_line' id='line_1_18' title="bbox 507 1977 3217 2063; baseline 0.001 -25"><span class='ocrx_word' id='word_1_174' title='bbox 507 1977 753 2040; x_wconf 89' lang='lat' dir='ltr'><strong>tantum</strong></span> <span class='ocrx_word' id='word_1_175' title='bbox 798 1981 861 2041; x_wconf 92' lang='lat' dir='ltr'><strong>et</strong></span> <span class='ocrx_word' id='word_1_176' title='bbox 901 1980 1018 2043; x_wconf 92' lang='lat' dir='ltr'><strong>cet.</strong></span> <span class='ocrx_word' id='word_1_177' title='bbox 1068 1979 1266 2059; x_wconf 84' lang='lat' dir='ltr'><strong>Quam</strong></span> <span class='ocrx_word' id='word_1_178' title='bbox 1308 1981 1781 2047; x_wconf 83' lang='lat' dir='ltr'><strong>ratificationem</strong></span> <span class='ocrx_word' id='word_1_179' title='bbox 1836 1983 1901 2047; x_wconf 89' lang='lat' dir='ltr'><strong>et</strong></span> <span class='ocrx_word' id='word_1_180' title='bbox 1964 1981 2378 2046; x_wconf 87' lang='lat' dir='ltr'><strong>iuramentum</strong></span> <span class='ocrx_word' id='word_1_181' title='bbox 2441 1982 2503 2046; x_wconf 91' lang='lat' dir='ltr'><strong>in</strong></span> <span class='ocrx_word' id='word_1_182' title='bbox 2562 1980 2874 2063; x_wconf 84' lang='lat' dir='ltr'><strong>presentia</strong></span> <span class='ocrx_word' id='word_1_183' title='bbox 2933 1997 3217 2043; x_wconf 87' lang='lat' dir='ltr'><strong>reveren-</strong></span> 
     </span>
     <span class='ocr_line' id='line_1_19' title="bbox 507 2061 3218 2153; baseline 0.001 -27"><span class='ocrx_word' id='word_1_184' title='bbox 507 2061 906 2132; x_wconf 86' lang='lat' dir='ltr'><strong>dissimorum</strong></span> <span class='ocrx_word' id='word_1_185' title='bbox 952 2069 1201 2148; x_wconf 86' lang='lat' dir='ltr'><strong>patrum</strong></span> <span class='ocrx_word' id='word_1_186' title='bbox 1248 2071 1634 2135; x_wconf 92' lang='lat' dir='ltr'><strong>dominorum</strong></span> <span class='ocrx_word' id='word_1_187' title='bbox 1680 2070 2099 2153; x_wconf 88' lang='lat' dir='ltr'><strong>episcoporum</strong></span> <span class='ocrx_word' id='word_1_188' title='bbox 2167 2069 2448 2152; x_wconf 86' lang='lat' dir='ltr'><strong>Quinque</strong></span> <span class='ocrx_word' id='word_1_189' title='bbox 2493 2067 2911 2135; x_wconf 82' lang='lat' dir='ltr'><strong>ecclesiarum.</strong></span> <span class='ocrx_word' id='word_1_190' title='bbox 2972 2067 3218 2149; x_wconf 84' lang='lat' dir='ltr'><strong>Izagra-</strong></span> 
     </span>
     <span class='ocr_line' id='line_1_20' title="bbox 506 2150 3221 2240; baseline 0.002 -26"><span class='ocrx_word' id='word_1_191' title='bbox 506 2150 755 2228; x_wconf 77' lang='lat' dir='ltr'><strong>hiensiS,</strong></span> <span class='ocrx_word' id='word_1_192' title='bbox 804 2151 1152 2237; x_wconf 88' lang='lat' dir='ltr'><strong>legatorum</strong></span> <span class='ocrx_word' id='word_1_193' title='bbox 1214 2158 1276 2222; x_wconf 89' lang='lat' dir='ltr'><strong>et</strong></span> <span class='ocrx_word' id='word_1_194' title='bbox 1335 2159 1800 2223; x_wconf 84' lang='lat' dir='ltr'><strong>ambaxatorum</strong></span> <span class='ocrx_word' id='word_1_195' title='bbox 1864 2157 2253 2223; x_wconf 87' lang='lat' dir='ltr'><strong>serenissime</strong></span> <span class='ocrx_word' id='word_1_196' title='bbox 2312 2157 2479 2240; x_wconf 88' lang='lat' dir='ltr'><strong>regie</strong></span> <span class='ocrx_word' id='word_1_197' title='bbox 2539 2156 2905 2227; x_wconf 77' lang='lat' dir='ltr'><strong>maiestatis,</strong></span> <span class='ocrx_word' id='word_1_198' title='bbox 2959 2155 3221 2220; x_wconf 89' lang='lat' dir='ltr'><strong>fecimus</strong></span> 
     </span>
     <span class='ocr_line' id='line_1_21' title="bbox 503 2238 3223 2328; baseline 0.002 -26"><span class='ocrx_word' id='word_1_199' title='bbox 503 2238 862 2306; x_wconf 89' lang='lat' dir='ltr'><strong>solemniter</strong></span> <span class='ocrx_word' id='word_1_200' title='bbox 907 2246 969 2306; x_wconf 85' lang='lat' dir='ltr'><strong>et</strong></span> <span class='ocrx_word' id='word_1_201' title='bbox 1014 2243 1145 2311; x_wconf 88' lang='lat' dir='ltr'><strong>fieri</strong></span> <span class='ocrx_word' id='word_1_202' title='bbox 1194 2246 1384 2309; x_wconf 90' lang='lat' dir='ltr'><strong>etiam</strong></span> <span class='ocrx_word' id='word_1_203' title='bbox 1431 2246 1691 2311; x_wconf 90' lang='lat' dir='ltr'><strong>fecimus</strong></span> <span class='ocrx_word' id='word_1_204' title='bbox 1732 2265 1840 2328; x_wconf 90' lang='lat' dir='ltr'><strong>per</strong></span> <span class='ocrx_word' id='word_1_205' title='bbox 1900 2249 2142 2311; x_wconf 90' lang='lat' dir='ltr'><strong>nostros</strong></span> <span class='ocrx_word' id='word_1_206' title='bbox 2203 2265 2307 2310; x_wconf 85' lang='lat' dir='ltr'><strong>sex</strong></span> <span class='ocrx_word' id='word_1_207' title='bbox 2368 2243 2767 2322; x_wconf 84' lang='lat' dir='ltr'><strong>consiliarios,</strong></span> <span class='ocrx_word' id='word_1_208' title='bbox 2831 2244 2953 2308; x_wconf 89' lang='lat' dir='ltr'><strong>tria</strong></span> <span class='ocrx_word' id='word_1_209' title='bbox 3014 2243 3223 2325; x_wconf 87' lang='lat' dir='ltr'><strong>capita</strong></span> 
     </span>
     <span class='ocr_line' id='line_1_22' title="bbox 503 2327 3224 2417; baseline 0.001 -26"><span class='ocrx_word' id='word_1_210' title='bbox 503 2327 577 2392; x_wconf 91' lang='lat' dir='ltr'><strong>de</strong></span> <span class='ocrx_word' id='word_1_211' title='bbox 621 2328 749 2402; x_wconf 84' lang='lat' dir='ltr'><strong>XL,</strong></span> <span class='ocrx_word' id='word_1_212' title='bbox 798 2330 1106 2412; x_wconf 88' lang='lat' dir='ltr'><strong>sapientes</strong></span> <span class='ocrx_word' id='word_1_213' title='bbox 1150 2333 1227 2396; x_wconf 93' lang='lat' dir='ltr'><strong>de</strong></span> <span class='ocrx_word' id='word_1_214' title='bbox 1271 2352 1514 2417; x_wconf 86' lang='lat' dir='ltr'><strong>guerra,</strong></span> <span class='ocrx_word' id='word_1_215' title='bbox 1562 2334 1888 2400; x_wconf 92' lang='lat' dir='ltr'><strong>consilium</strong></span> <span class='ocrx_word' id='word_1_216' title='bbox 1935 2336 2008 2400; x_wconf 90' lang='lat' dir='ltr'><strong>de</strong></span> <span class='ocrx_word' id='word_1_217' title='bbox 2046 2335 2176 2410; x_wconf 84' lang='lat' dir='ltr'><strong>XL,</strong></span> <span class='ocrx_word' id='word_1_218' title='bbox 2223 2337 2579 2416; x_wconf 89' lang='lat' dir='ltr'><strong>rogatorum</strong></span> <span class='ocrx_word' id='word_1_219' title='bbox 2612 2335 2676 2397; x_wconf 90' lang='lat' dir='ltr'><strong>et</strong></span> <span class='ocrx_word' id='word_1_220' title='bbox 2704 2333 3008 2406; x_wconf 88' lang='lat' dir='ltr'><strong>adiuncte,</strong></span> <span class='ocrx_word' id='word_1_221' title='bbox 3059 2330 3224 2396; x_wconf 90' lang='lat' dir='ltr'><strong>sicut</strong></span> 
     </span>
     <span class='ocr_line' id='line_1_23' title="bbox 503 2415 3224 2506; baseline 0.001 -27"><span class='ocrx_word' id='word_1_222' title='bbox 503 2415 637 2480; x_wconf 90' lang='lat' dir='ltr'><strong>fieri</strong></span> <span class='ocrx_word' id='word_1_223' title='bbox 684 2417 899 2482; x_wconf 87' lang='lat' dir='ltr'><strong>debuit</strong></span> <span class='ocrx_word' id='word_1_224' title='bbox 936 2437 1045 2502; x_wconf 91' lang='lat' dir='ltr'><strong>per</strong></span> <span class='ocrx_word' id='word_1_225' title='bbox 1088 2419 1350 2487; x_wconf 89' lang='lat' dir='ltr'><strong>formam</strong></span> <span class='ocrx_word' id='word_1_226' title='bbox 1395 2422 1650 2506; x_wconf 89' lang='lat' dir='ltr'><strong>capituli</strong></span> <span class='ocrx_word' id='word_1_227' title='bbox 1712 2425 1883 2506; x_wconf 87' lang='lat' dir='ltr'><strong>pacis</strong></span> <span class='ocrx_word' id='word_1_228' title='bbox 1945 2422 2237 2506; x_wconf 85' lang='lat' dir='ltr'><strong>predicte.</strong></span> <span class='ocrx_word' id='word_1_229' title='bbox 2308 2423 2390 2486; x_wconf 85' lang='lat' dir='ltr'><strong>Et</strong></span> <span class='ocrx_word' id='word_1_230' title='bbox 2441 2421 2585 2504; x_wconf 91' lang='lat' dir='ltr'><strong>quia</strong></span> <span class='ocrx_word' id='word_1_231' title='bbox 2639 2440 2712 2485; x_wconf 82' lang='lat' dir='ltr'><strong>ex</strong></span> <span class='ocrx_word' id='word_1_232' title='bbox 2773 2422 2950 2503; x_wconf 88' lang='lat' dir='ltr'><strong>parte</strong></span> <span class='ocrx_word' id='word_1_233' title='bbox 3014 2421 3224 2484; x_wconf 86' lang='lat' dir='ltr'><strong>nostra</strong></span> 
     </span>
     <span class='ocr_line' id='line_1_24' title="bbox 502 2504 3219 2594; baseline 0.002 -28"><span class='ocrx_word' id='word_1_234' title='bbox 502 2504 569 2567; x_wconf 92' lang='lat' dir='ltr'><strong>et</strong></span> <span class='ocrx_word' id='word_1_235' title='bbox 614 2504 887 2570; x_wconf 90' lang='lat' dir='ltr'><strong>omnium</strong></span> <span class='ocrx_word' id='word_1_236' title='bbox 934 2507 1327 2574; x_wconf 89' lang='lat' dir='ltr'><strong>consiliorum</strong></span> <span class='ocrx_word' id='word_1_237' title='bbox 1373 2514 1720 2576; x_wconf 89' lang='lat' dir='ltr'><strong>nostrorum</strong></span> <span class='ocrx_word' id='word_1_238' title='bbox 1770 2511 2183 2594; x_wconf 88' lang='lat' dir='ltr'><strong>predictorum</strong></span> <span class='ocrx_word' id='word_1_239' title='bbox 2228 2511 2463 2577; x_wconf 87' lang='lat' dir='ltr'><strong>factum</strong></span> <span class='ocrx_word' id='word_1_240' title='bbox 2510 2510 2607 2573; x_wconf 90' lang='lat' dir='ltr'><strong>est</strong></span> <span class='ocrx_word' id='word_1_241' title='bbox 2651 2528 2794 2574; x_wconf 90' lang='lat' dir='ltr'><strong>cum</strong></span> <span class='ocrx_word' id='word_1_242' title='bbox 2836 2508 3219 2591; x_wconf 88' lang='lat' dir='ltr'><strong>integritate,</strong></span> 
     </span>
     <span class='ocr_line' id='line_1_25' title="bbox 503 2591 3221 2684; baseline 0.001 -28"><span class='ocrx_word' id='word_1_243' title='bbox 503 2591 791 2675; x_wconf 90' lang='lat' dir='ltr'><strong>quicquid</strong></span> <span class='ocrx_word' id='word_1_244' title='bbox 836 2595 968 2660; x_wconf 89' lang='lat' dir='ltr'><strong>fieri</strong></span> <span class='ocrx_word' id='word_1_245' title='bbox 1015 2596 1226 2663; x_wconf 87' lang='lat' dir='ltr'><strong>debuit</strong></span> <span class='ocrx_word' id='word_1_246' title='bbox 1271 2618 1409 2664; x_wconf 88' lang='lat' dir='ltr'><strong>cum</strong></span> <span class='ocrx_word' id='word_1_247' title='bbox 1458 2599 1698 2677; x_wconf 87' lang='lat' dir='ltr'><strong>effectu,</strong></span> <span class='ocrx_word' id='word_1_248' title='bbox 1747 2598 2048 2684; x_wconf 86' lang='lat' dir='ltr'><strong>rogabitis</strong></span> <span class='ocrx_word' id='word_1_249' title='bbox 2095 2600 2329 2682; x_wconf 86' lang='lat' dir='ltr'><strong>regiam</strong></span> <span class='ocrx_word' id='word_1_250' title='bbox 2375 2596 2766 2664; x_wconf 85' lang='lat' dir='ltr'><strong>maiestatem</strong></span> <span class='ocrx_word' id='word_1_251' title='bbox 2814 2615 3012 2674; x_wconf 88' lang='lat' dir='ltr'><strong>suam,</strong></span> <span class='ocrx_word' id='word_1_252' title='bbox 3069 2613 3221 2679; x_wconf 87' lang='lat' dir='ltr'><strong>qua-</strong></span> 
     </span>
     <span class='ocr_line' id='line_1_26' title="bbox 504 2681 3223 2772; baseline 0.002 -29"><span class='ocrx_word' id='word_1_253' title='bbox 504 2681 683 2745; x_wconf 91' lang='lat' dir='ltr'><strong>tenus</strong></span> <span class='ocrx_word' id='word_1_254' title='bbox 728 2681 846 2746; x_wconf 91' lang='lat' dir='ltr'><strong>sibi</strong></span> <span class='ocrx_word' id='word_1_255' title='bbox 891 2684 1134 2767; x_wconf 88' lang='lat' dir='ltr'><strong>placeat</strong></span> <span class='ocrx_word' id='word_1_256' title='bbox 1177 2687 1468 2753; x_wconf 90' lang='lat' dir='ltr'><strong>similiter</strong></span> <span class='ocrx_word' id='word_1_257' title='bbox 1511 2688 1819 2754; x_wconf 87' lang='lat' dir='ltr'><strong>ratificare</strong></span> <span class='ocrx_word' id='word_1_258' title='bbox 1864 2691 1927 2752; x_wconf 90' lang='lat' dir='ltr'><strong>et</strong></span> <span class='ocrx_word' id='word_1_259' title='bbox 1971 2688 2309 2772; x_wconf 89' lang='lat' dir='ltr'><strong>approbare</strong></span> <span class='ocrx_word' id='word_1_260' title='bbox 2354 2687 2551 2767; x_wconf 85' lang='lat' dir='ltr'><strong>ipsam</strong></span> <span class='ocrx_word' id='word_1_261' title='bbox 2618 2705 2831 2769; x_wconf 89' lang='lat' dir='ltr'><strong>pacem</strong></span> <span class='ocrx_word' id='word_1_262' title='bbox 2893 2688 2956 2751; x_wconf 89' lang='lat' dir='ltr'><strong>et</strong></span> <span class='ocrx_word' id='word_1_263' title='bbox 3014 2684 3223 2750; x_wconf 88' lang='lat' dir='ltr'><strong>omnia</strong></span> 
     </span>
     <span class='ocr_line' id='line_1_27' title="bbox 505 2766 3222 2855; baseline 0.002 -24"><span class='ocrx_word' id='word_1_264' title='bbox 505 2766 567 2831; x_wconf 92' lang='lat' dir='ltr'><strong>in</strong></span> <span class='ocrx_word' id='word_1_265' title='bbox 617 2787 689 2833; x_wconf 89' lang='lat' dir='ltr'><strong>ea</strong></span> <span class='ocrx_word' id='word_1_266' title='bbox 735 2773 1022 2837; x_wconf 87' lang='lat' dir='ltr'><strong>contenta</strong></span> <span class='ocrx_word' id='word_1_267' title='bbox 1067 2776 1130 2838; x_wconf 92' lang='lat' dir='ltr'><strong>et</strong></span> <span class='ocrx_word' id='word_1_268' title='bbox 1190 2774 1390 2839; x_wconf 81' lang='lat' dir='ltr'><strong>facere</strong></span> <span class='ocrx_word' id='word_1_269' title='bbox 1459 2775 1873 2841; x_wconf 88' lang='lat' dir='ltr'><strong>iuramentum</strong></span> <span class='ocrx_word' id='word_1_270' title='bbox 1943 2778 2019 2841; x_wconf 92' lang='lat' dir='ltr'><strong>de</strong></span> <span class='ocrx_word' id='word_1_271' title='bbox 2088 2776 2511 2840; x_wconf 88' lang='lat' dir='ltr'><strong>observatione</strong></span> <span class='ocrx_word' id='word_1_272' title='bbox 2578 2776 2710 2839; x_wconf 92' lang='lat' dir='ltr'><strong>eius</strong></span> <span class='ocrx_word' id='word_1_273' title='bbox 2777 2774 2841 2838; x_wconf 92' lang='lat' dir='ltr'><strong>in</strong></span> <span class='ocrx_word' id='word_1_274' title='bbox 2911 2772 3222 2855; x_wconf 86' lang='lat' dir='ltr'><strong>presentia</strong></span> 
     </span>
     <span class='ocr_line' id='line_1_28' title="bbox 503 2858 3222 2947; baseline 0.001 -27"><span class='ocrx_word' id='word_1_275' title='bbox 503 2865 710 2922; x_wconf 87' lang='lat' dir='ltr'><strong>vestra</strong></span> <span class='ocrx_word' id='word_1_276' title='bbox 754 2858 914 2924; x_wconf 88' lang='lat' dir='ltr'><strong>sicut</strong></span> <span class='ocrx_word' id='word_1_277' title='bbox 964 2861 1028 2926; x_wconf 93' lang='lat' dir='ltr'><strong>in</strong></span> <span class='ocrx_word' id='word_1_278' title='bbox 1070 2862 1237 2927; x_wconf 91' lang='lat' dir='ltr'><strong>dicta</strong></span> <span class='ocrx_word' id='word_1_279' title='bbox 1280 2883 1428 2945; x_wconf 90' lang='lat' dir='ltr'><strong>pace</strong></span> <span class='ocrx_word' id='word_1_280' title='bbox 1475 2866 1841 2929; x_wconf 86' lang='lat' dir='ltr'><strong>continetur.</strong></span> <span class='ocrx_word' id='word_1_281' title='bbox 1896 2865 1978 2930; x_wconf 88' lang='lat' dir='ltr'><strong>Et</strong></span> <span class='ocrx_word' id='word_1_282' title='bbox 2025 2865 2222 2947; x_wconf 87' lang='lat' dir='ltr'><strong>ipsam</strong></span> <span class='ocrx_word' id='word_1_283' title='bbox 2268 2863 2742 2928; x_wconf 90' lang='lat' dir='ltr'><strong>ratificationem</strong></span> <span class='ocrx_word' id='word_1_284' title='bbox 2802 2868 2865 2927; x_wconf 89' lang='lat' dir='ltr'><strong>et</strong></span> <span class='ocrx_word' id='word_1_285' title='bbox 2909 2862 3222 2926; x_wconf 87' lang='lat' dir='ltr'><strong>iuramen-</strong></span> 
     </span>
     <span class='ocr_line' id='line_1_29' title="bbox 504 2944 3218 3036; baseline 0.002 -28"><span class='ocrx_word' id='word_1_286' title='bbox 504 2944 640 3008; x_wconf 89' lang='lat' dir='ltr'><strong>tum</strong></span> <span class='ocrx_word' id='word_1_287' title='bbox 690 2946 929 3012; x_wconf 86' lang='lat' dir='ltr'><strong>facietis</strong></span> <span class='ocrx_word' id='word_1_288' title='bbox 991 2950 1122 3015; x_wconf 89' lang='lat' dir='ltr'><strong>fieri</strong></span> <span class='ocrx_word' id='word_1_289' title='bbox 1187 2952 1245 3015; x_wconf 88' lang='lat' dir='ltr'><strong>in</strong></span> <span class='ocrx_word' id='word_1_290' title='bbox 1306 2955 1510 3017; x_wconf 88' lang='lat' dir='ltr'><strong>vestra</strong></span> <span class='ocrx_word' id='word_1_291' title='bbox 1557 2954 1867 3034; x_wconf 87' lang='lat' dir='ltr'><strong>presentia</strong></span> <span class='ocrx_word' id='word_1_292' title='bbox 1913 2973 2021 3036; x_wconf 89' lang='lat' dir='ltr'><strong>per</strong></span> <span class='ocrx_word' id='word_1_293' title='bbox 2067 2954 2266 3034; x_wconf 89' lang='lat' dir='ltr'><strong>ipsum</strong></span> <span class='ocrx_word' id='word_1_294' title='bbox 2311 2951 2628 3016; x_wconf 81' lang='lat' dir='ltr'><strong>dominum</strong></span> <span class='ocrx_word' id='word_1_295' title='bbox 2662 2970 2868 3034; x_wconf 88' lang='lat' dir='ltr'><strong>regem</strong></span> <span class='ocrx_word' id='word_1_296' title='bbox 2902 2951 2965 3013; x_wconf 92' lang='lat' dir='ltr'><strong>in</strong></span> <span class='ocrx_word' id='word_1_297' title='bbox 3000 2950 3218 3027; x_wconf 87' lang='lat' dir='ltr'><strong>forma,</strong></span> 
     </span>
     <span class='ocr_line' id='line_1_30' title="bbox 507 3036 3219 3122; baseline 0.002 -26"><span class='ocrx_word' id='word_1_298' title='bbox 507 3050 627 3114; x_wconf 87' lang='lat' dir='ltr'><strong>qua</strong></span> <span class='ocrx_word' id='word_1_299' title='bbox 673 3052 784 3098; x_wconf 91' lang='lat' dir='ltr'><strong>nos</strong></span> <span class='ocrx_word' id='word_1_300' title='bbox 831 3036 1107 3112; x_wconf 79' lang='lat' dir='ltr'><strong>fecimuS,</strong></span> <span class='ocrx_word' id='word_1_301' title='bbox 1158 3059 1265 3121; x_wconf 86' lang='lat' dir='ltr'><strong>per</strong></span> <span class='ocrx_word' id='word_1_302' title='bbox 1309 3040 1619 3122; x_wconf 84' lang='lat' dir='ltr'><strong>publicum</strong></span> <span class='ocrx_word' id='word_1_303' title='bbox 1668 3042 2147 3106; x_wconf 87' lang='lat' dir='ltr'><strong>instrumentum</strong></span> <span class='ocrx_word' id='word_1_304' title='bbox 2199 3040 2295 3104; x_wconf 91' lang='lat' dir='ltr'><strong>vel</strong></span> <span class='ocrx_word' id='word_1_305' title='bbox 2343 3040 2554 3104; x_wconf 89' lang='lat' dir='ltr'><strong>literas</strong></span> <span class='ocrx_word' id='word_1_306' title='bbox 2600 3057 2746 3103; x_wconf 85' lang='lat' dir='ltr'><strong>suas</strong></span> <span class='ocrx_word' id='word_1_307' title='bbox 2791 3038 3073 3121; x_wconf 88' lang='lat' dir='ltr'><strong>patentes</strong></span> <span class='ocrx_word' id='word_1_308' title='bbox 3109 3056 3219 3101; x_wconf 88' lang='lat' dir='ltr'><strong>seu</strong></span> 
     </span>
     <span class='ocr_line' id='line_1_31' title="bbox 502 3120 3222 3206; baseline 0.003 -23"><span class='ocrx_word' id='word_1_309' title='bbox 502 3120 714 3204; x_wconf 86' lang='lat' dir='ltr'><strong>sigillo</strong></span> <span class='ocrx_word' id='word_1_310' title='bbox 763 3123 1051 3191; x_wconf 87' lang='lat' dir='ltr'><strong>bullatas.</strong></span> <span class='ocrx_word' id='word_1_311' title='bbox 1101 3127 1183 3192; x_wconf 84' lang='lat' dir='ltr'><strong>Et</strong></span> <span class='ocrx_word' id='word_1_312' title='bbox 1228 3130 1298 3193; x_wconf 92' lang='lat' dir='ltr'><strong>ut</strong></span> <span class='ocrx_word' id='word_1_313' title='bbox 1342 3130 1516 3194; x_wconf 90' lang='lat' dir='ltr'><strong>scitis</strong></span> <span class='ocrx_word' id='word_1_314' title='bbox 1563 3130 1638 3194; x_wconf 89' lang='lat' dir='ltr'><strong>de</strong></span> <span class='ocrx_word' id='word_1_315' title='bbox 1683 3129 1969 3195; x_wconf 89' lang='lat' dir='ltr'><strong>omnibus</strong></span> <span class='ocrx_word' id='word_1_316' title='bbox 2019 3128 2355 3206; x_wconf 87' lang='lat' dir='ltr'><strong>informati,</strong></span> <span class='ocrx_word' id='word_1_317' title='bbox 2404 3126 2823 3192; x_wconf 88' lang='lat' dir='ltr'><strong>ordinavimus</strong></span> <span class='ocrx_word' id='word_1_318' title='bbox 2876 3126 3049 3191; x_wconf 93' lang='lat' dir='ltr'><strong>vobis</strong></span> <span class='ocrx_word' id='word_1_319' title='bbox 3085 3126 3222 3190; x_wconf 90' lang='lat' dir='ltr'><strong>dari</strong></span> 
     </span>
     <span class='ocr_line' id='line_1_32' title="bbox 504 3207 3221 3298; baseline 0.002 -26"><span class='ocrx_word' id='word_1_320' title='bbox 504 3207 742 3291; x_wconf 89' lang='lat' dir='ltr'><strong>copiam</strong></span> <span class='ocrx_word' id='word_1_321' title='bbox 792 3212 1182 3280; x_wconf 81' lang='lat' dir='ltr'><strong>instrumenti</strong></span> <span class='ocrx_word' id='word_1_322' title='bbox 1227 3217 1656 3282; x_wconf 89' lang='lat' dir='ltr'><strong>ratificationis</strong></span> <span class='ocrx_word' id='word_1_323' title='bbox 1701 3220 1765 3282; x_wconf 89' lang='lat' dir='ltr'><strong>et</strong></span> <span class='ocrx_word' id='word_1_324' title='bbox 1809 3217 2139 3283; x_wconf 86' lang='lat' dir='ltr'><strong>iuramenti</strong></span> <span class='ocrx_word' id='word_1_325' title='bbox 2186 3216 2333 3281; x_wconf 89' lang='lat' dir='ltr'><strong>facti</strong></span> <span class='ocrx_word' id='word_1_326' title='bbox 2405 3235 2513 3298; x_wconf 90' lang='lat' dir='ltr'><strong>per</strong></span> <span class='ocrx_word' id='word_1_327' title='bbox 2562 3233 2671 3280; x_wconf 91' lang='lat' dir='ltr'><strong>nos</strong></span> <span class='ocrx_word' id='word_1_328' title='bbox 2718 3217 2782 3278; x_wconf 84' lang='lat' dir='ltr'><strong>et</strong></span> <span class='ocrx_word' id='word_1_329' title='bbox 2823 3216 3032 3279; x_wconf 88' lang='lat' dir='ltr'><strong>nostra</strong></span> <span class='ocrx_word' id='word_1_330' title='bbox 3074 3231 3221 3278; x_wconf 91' lang='lat' dir='ltr'><strong>con-</strong></span> 
     </span>
     <span class='ocr_line' id='line_1_33' title="bbox 503 3296 3221 3389; baseline 0.003 -29"><span class='ocrx_word' id='word_1_331' title='bbox 503 3296 648 3361; x_wconf 90' lang='lat' dir='ltr'><strong>silia</strong></span> <span class='ocrx_word' id='word_1_332' title='bbox 688 3300 984 3380; x_wconf 84' lang='lat' dir='ltr'><strong>predicta,</strong></span> <span class='ocrx_word' id='word_1_333' title='bbox 1034 3306 1107 3368; x_wconf 94' lang='lat' dir='ltr'><strong>ut</strong></span> <span class='ocrx_word' id='word_1_334' title='bbox 1151 3304 1393 3369; x_wconf 88' lang='lat' dir='ltr'><strong>faciatis</strong></span> <span class='ocrx_word' id='word_1_335' title='bbox 1440 3305 1571 3369; x_wconf 87' lang='lat' dir='ltr'><strong>fieri</strong></span> <span class='ocrx_word' id='word_1_336' title='bbox 1622 3325 1730 3389; x_wconf 86' lang='lat' dir='ltr'><strong>per</strong></span> <span class='ocrx_word' id='word_1_337' title='bbox 1795 3305 2113 3371; x_wconf 91' lang='lat' dir='ltr'><strong>dominum</strong></span> <span class='ocrx_word' id='word_1_338' title='bbox 2171 3323 2382 3388; x_wconf 90' lang='lat' dir='ltr'><strong>regem</strong></span> <span class='ocrx_word' id='word_1_339' title='bbox 2444 3304 2508 3367; x_wconf 91' lang='lat' dir='ltr'><strong>in</strong></span> <span class='ocrx_word' id='word_1_340' title='bbox 2568 3301 2761 3368; x_wconf 90' lang='lat' dir='ltr'><strong>simili</strong></span> <span class='ocrx_word' id='word_1_341' title='bbox 2825 3302 3023 3368; x_wconf 86' lang='lat' dir='ltr'><strong>forma</strong></span> <span class='ocrx_word' id='word_1_342' title='bbox 3082 3322 3221 3368; x_wconf 87' lang='lat' dir='ltr'><strong>mu</strong></span> 
     </span>
     <span class='ocr_line' id='line_1_34' title="bbox 504 3386 3219 3477; baseline 0.003 -30"><span class='ocrx_word' id='word_1_343' title='bbox 504 3386 655 3448; x_wconf 89' lang='lat' dir='ltr'><strong>tatis</strong></span> <span class='ocrx_word' id='word_1_344' title='bbox 702 3388 1014 3454; x_wconf 86' lang='lat' dir='ltr'><strong>mutandis</strong></span> <span class='ocrx_word' id='word_1_345' title='bbox 1054 3391 1150 3456; x_wconf 88' lang='lat' dir='ltr'><strong>vel</strong></span> <span class='ocrx_word' id='word_1_346' title='bbox 1197 3412 1304 3473; x_wconf 89' lang='lat' dir='ltr'><strong>per</strong></span> <span class='ocrx_word' id='word_1_347' title='bbox 1350 3394 1482 3458; x_wconf 91' lang='lat' dir='ltr'><strong>eius</strong></span> <span class='ocrx_word' id='word_1_348' title='bbox 1525 3392 1766 3459; x_wconf 89' lang='lat' dir='ltr'><strong>litteras</strong></span> <span class='ocrx_word' id='word_1_349' title='bbox 1813 3398 2095 3477; x_wconf 85' lang='lat' dir='ltr'><strong>patentes</strong></span> <span class='ocrx_word' id='word_1_350' title='bbox 2140 3412 2248 3457; x_wconf 89' lang='lat' dir='ltr'><strong>suo</strong></span> <span class='ocrx_word' id='word_1_351' title='bbox 2286 3391 2496 3475; x_wconf 87' lang='lat' dir='ltr'><strong>sigillo</strong></span> <span class='ocrx_word' id='word_1_352' title='bbox 2545 3392 2832 3468; x_wconf 88' lang='lat' dir='ltr'><strong>bullatas,</strong></span> <span class='ocrx_word' id='word_1_353' title='bbox 2882 3391 2952 3456; x_wconf 90' lang='lat' dir='ltr'><strong>ut</strong></span> <span class='ocrx_word' id='word_1_354' title='bbox 2980 3390 3219 3456; x_wconf 91' lang='lat' dir='ltr'><strong>dictum</strong></span> 
     </span>
     <span class='ocr_line' id='line_1_35' title="bbox 504 3473 3219 3565; baseline 0.002 -29"><span class='ocrx_word' id='word_1_355' title='bbox 504 3473 618 3536; x_wconf 88' lang='lat' dir='ltr'><strong>est.</strong></span> <span class='ocrx_word' id='word_1_356' title='bbox 665 3475 825 3539; x_wconf 89' lang='lat' dir='ltr'><strong>Item</strong></span> <span class='ocrx_word' id='word_1_357' title='bbox 873 3477 1114 3544; x_wconf 87' lang='lat' dir='ltr'><strong>faciatis</strong></span> <span class='ocrx_word' id='word_1_358' title='bbox 1153 3480 1281 3546; x_wconf 89' lang='lat' dir='ltr'><strong>fieri</strong></span> <span class='ocrx_word' id='word_1_359' title='bbox 1331 3501 1435 3563; x_wconf 91' lang='lat' dir='ltr'><strong>per</strong></span> <span class='ocrx_word' id='word_1_360' title='bbox 1481 3480 1796 3547; x_wconf 88' lang='lat' dir='ltr'><strong>dominum</strong></span> <span class='ocrx_word' id='word_1_361' title='bbox 1845 3500 2051 3565; x_wconf 88' lang='lat' dir='ltr'><strong>regem</strong></span> <span class='ocrx_word' id='word_1_362' title='bbox 2100 3481 2571 3547; x_wconf 88' lang='lat' dir='ltr'><strong>ratificationem</strong></span> <span class='ocrx_word' id='word_1_363' title='bbox 2622 3480 3024 3546; x_wconf 89' lang='lat' dir='ltr'><strong>instrumenti</strong></span> <span class='ocrx_word' id='word_1_364' title='bbox 3055 3479 3219 3543; x_wconf 88' lang='lat' dir='ltr'><strong>unici</strong></span> 
     </span>
     <span class='ocr_line' id='line_1_36' title="bbox 506 3561 3221 3650; baseline 0.003 -27"><span class='ocrx_word' id='word_1_365' title='bbox 506 3578 682 3642; x_wconf 87' lang='lat' dir='ltr'><strong>pape,</strong></span> <span class='ocrx_word' id='word_1_366' title='bbox 729 3561 893 3628; x_wconf 87' lang='lat' dir='ltr'><strong>sicut</strong></span> <span class='ocrx_word' id='word_1_367' title='bbox 940 3566 1000 3630; x_wconf 92' lang='lat' dir='ltr'><strong>in</strong></span> <span class='ocrx_word' id='word_1_368' title='bbox 1047 3567 1178 3650; x_wconf 90' lang='lat' dir='ltr'><strong>ipso</strong></span> <span class='ocrx_word' id='word_1_369' title='bbox 1225 3568 1634 3634; x_wconf 86' lang='lat' dir='ltr'><strong>instrumento</strong></span> <span class='ocrx_word' id='word_1_370' title='bbox 1698 3571 2063 3649; x_wconf 80' lang='lat' dir='ltr'><strong>continetur,</strong></span> <span class='ocrx_word' id='word_1_371' title='bbox 2112 3570 2288 3634; x_wconf 90' lang='lat' dir='ltr'><strong>cuius</strong></span> <span class='ocrx_word' id='word_1_372' title='bbox 2343 3568 2583 3650; x_wconf 91' lang='lat' dir='ltr'><strong>copiam</strong></span> <span class='ocrx_word' id='word_1_373' title='bbox 2646 3569 2816 3633; x_wconf 90' lang='lat' dir='ltr'><strong>vobis</strong></span> <span class='ocrx_word' id='word_1_374' title='bbox 2878 3567 3011 3632; x_wconf 91' lang='lat' dir='ltr'><strong>dari</strong></span> <span class='ocrx_word' id='word_1_375' title='bbox 3072 3566 3221 3632; x_wconf 87' lang='lat' dir='ltr'><strong>feci-</strong></span> 
     </span>
     <span class='ocr_line' id='line_1_37' title="bbox 507 3654 3219 3738; baseline 0.003 -26"><span class='ocrx_word' id='word_1_376' title='bbox 507 3667 644 3713; x_wconf 92' lang='lat' dir='ltr'><strong>mus</strong></span> <span class='ocrx_word' id='word_1_377' title='bbox 686 3669 793 3731; x_wconf 92' lang='lat' dir='ltr'><strong>pro</strong></span> <span class='ocrx_word' id='word_1_378' title='bbox 842 3654 1049 3718; x_wconf 86' lang='lat' dir='ltr'><strong>vestra</strong></span> <span class='ocrx_word' id='word_1_379' title='bbox 1094 3656 1543 3723; x_wconf 87' lang='lat' dir='ltr'><strong>informatione.</strong></span> <span class='ocrx_word' id='word_1_380' title='bbox 1594 3659 1752 3723; x_wconf 83' lang='lat' dir='ltr'><strong>Item</strong></span> <span class='ocrx_word' id='word_1_381' title='bbox 1797 3657 2044 3724; x_wconf 85' lang='lat' dir='ltr'><strong>faciatis</strong></span> <span class='ocrx_word' id='word_1_382' title='bbox 2094 3657 2224 3723; x_wconf 87' lang='lat' dir='ltr'><strong>fieri</strong></span> <span class='ocrx_word' id='word_1_383' title='bbox 2259 3656 2731 3723; x_wconf 84' lang='lat' dir='ltr'><strong>ratificationem</strong></span> <span class='ocrx_word' id='word_1_384' title='bbox 2763 3674 2870 3738; x_wconf 86' lang='lat' dir='ltr'><strong>per</strong></span> <span class='ocrx_word' id='word_1_385' title='bbox 2903 3656 3219 3720; x_wconf 92' lang='lat' dir='ltr'><strong>dominum</strong></span> 
     </span>
     <span class='ocr_line' id='line_1_38' title="bbox 505 3737 3218 3828; baseline 0.003 -28"><span class='ocrx_word' id='word_1_386' title='bbox 505 3755 714 3818; x_wconf 92' lang='lat' dir='ltr'><strong>regem</strong></span> <span class='ocrx_word' id='word_1_387' title='bbox 763 3737 1159 3808; x_wconf 88' lang='lat' dir='ltr'><strong>instrumenti</strong></span> <span class='ocrx_word' id='word_1_388' title='bbox 1210 3745 1286 3809; x_wconf 91' lang='lat' dir='ltr'><strong>de</strong></span> <span class='ocrx_word' id='word_1_389' title='bbox 1332 3745 1497 3811; x_wconf 87' lang='lat' dir='ltr'><strong>facto</strong></span> <span class='ocrx_word' id='word_1_390' title='bbox 1541 3744 1768 3824; x_wconf 86' lang='lat' dir='ltr'><strong>Catari,</strong></span> <span class='ocrx_word' id='word_1_391' title='bbox 1830 3746 1994 3810; x_wconf 88' lang='lat' dir='ltr'><strong>sicut</strong></span> <span class='ocrx_word' id='word_1_392' title='bbox 2055 3746 2117 3809; x_wconf 92' lang='lat' dir='ltr'><strong>in</strong></span> <span class='ocrx_word' id='word_1_393' title='bbox 2178 3746 2312 3828; x_wconf 89' lang='lat' dir='ltr'><strong>ipso</strong></span> <span class='ocrx_word' id='word_1_394' title='bbox 2374 3745 2785 3810; x_wconf 90' lang='lat' dir='ltr'><strong>instrumento</strong></span> <span class='ocrx_word' id='word_1_395' title='bbox 2847 3744 3218 3822; x_wconf 88' lang='lat' dir='ltr'><strong>continetur,</strong></span> 
     </span>
     <span class='ocr_line' id='line_1_39' title="bbox 505 3826 2574 3918; baseline 0.003 -29"><span class='ocrx_word' id='word_1_396' title='bbox 505 3826 682 3890; x_wconf 90' lang='lat' dir='ltr'><strong>cuius</strong></span> <span class='ocrx_word' id='word_1_397' title='bbox 728 3828 968 3911; x_wconf 89' lang='lat' dir='ltr'><strong>copiam</strong></span> <span class='ocrx_word' id='word_1_398' title='bbox 1015 3831 1187 3897; x_wconf 89' lang='lat' dir='ltr'><strong>vobis</strong></span> <span class='ocrx_word' id='word_1_399' title='bbox 1233 3834 1362 3899; x_wconf 89' lang='lat' dir='ltr'><strong>dari</strong></span> <span class='ocrx_word' id='word_1_400' title='bbox 1415 3833 1670 3899; x_wconf 85' lang='lat' dir='ltr'><strong>fecimus</strong></span> <span class='ocrx_word' id='word_1_401' title='bbox 1716 3852 1825 3918; x_wconf 88' lang='lat' dir='ltr'><strong>pro</strong></span> <span class='ocrx_word' id='word_1_402' title='bbox 1874 3836 2079 3899; x_wconf 90' lang='lat' dir='ltr'><strong>vestra</strong></span> <span class='ocrx_word' id='word_1_403' title='bbox 2125 3833 2574 3898; x_wconf 86' lang='lat' dir='ltr'><strong>informatione.</strong></span> 
     </span>
    </p>

    <p class='ocr_par' dir='ltr' id='par_1_3' title="bbox 504 3916 3226 4889">
     <span class='ocr_line' id='line_1_40' title="bbox 715 3916 3223 4006; baseline 0.001 -26"><span class='ocrx_word' id='word_1_404' title='bbox 715 3916 972 3999; x_wconf 83' lang='lat' dir='ltr'><strong>Insuper</strong></span> <span class='ocrx_word' id='word_1_405' title='bbox 1017 3919 1163 4002; x_wconf 89' lang='lat' dir='ltr'><strong>quia</strong></span> <span class='ocrx_word' id='word_1_406' title='bbox 1205 3940 1312 4004; x_wconf 89' lang='lat' dir='ltr'><strong>per</strong></span> <span class='ocrx_word' id='word_1_407' title='bbox 1357 3921 1617 3987; x_wconf 83' lang='lat' dir='ltr'><strong>formam</strong></span> <span class='ocrx_word' id='word_1_408' title='bbox 1663 3922 1830 3987; x_wconf 85' lang='lat' dir='ltr'><strong>dicte</strong></span> <span class='ocrx_word' id='word_1_409' title='bbox 1875 3922 2064 4006; x_wconf 85' lang='lat' dir='ltr'><strong>pacis,</strong></span> <span class='ocrx_word' id='word_1_410' title='bbox 2113 3922 2289 3986; x_wconf 90' lang='lat' dir='ltr'><strong>cuius</strong></span> <span class='ocrx_word' id='word_1_411' title='bbox 2334 3921 2570 4004; x_wconf 90' lang='lat' dir='ltr'><strong>copiam</strong></span> <span class='ocrx_word' id='word_1_412' title='bbox 2602 3918 3020 3985; x_wconf 85' lang='lat' dir='ltr'><strong>ordinavimus</strong></span> <span class='ocrx_word' id='word_1_413' title='bbox 3050 3916 3223 3985; x_wconf 90' lang='lat' dir='ltr'><strong>vobis</strong></span> 
     </span>
     <span class='ocr_line' id='line_1_41' title="bbox 504 4000 3223 4093; baseline 0.002 -28"><span class='ocrx_word' id='word_1_414' title='bbox 504 4000 659 4079; x_wconf 88' lang='lat' dir='ltr'><strong>dari,</strong></span> <span class='ocrx_word' id='word_1_415' title='bbox 712 4006 782 4069; x_wconf 93' lang='lat' dir='ltr'><strong>ut</strong></span> <span class='ocrx_word' id='word_1_416' title='bbox 824 4007 922 4071; x_wconf 90' lang='lat' dir='ltr'><strong>est</strong></span> <span class='ocrx_word' id='word_1_417' title='bbox 966 4005 1221 4087; x_wconf 87' lang='lat' dir='ltr'><strong>dictum,</strong></span> <span class='ocrx_word' id='word_1_418' title='bbox 1270 4010 1672 4088; x_wconf 84' lang='lat' dir='ltr'><strong>contineatur,</strong></span> <span class='ocrx_word' id='word_1_419' title='bbox 1722 4013 1884 4093; x_wconf 92' lang='lat' dir='ltr'><strong>quod</strong></span> <span class='ocrx_word' id='word_1_420' title='bbox 1933 4030 2040 4075; x_wconf 90' lang='lat' dir='ltr'><strong>nos</strong></span> <span class='ocrx_word' id='word_1_421' title='bbox 2086 4013 2150 4076; x_wconf 90' lang='lat' dir='ltr'><strong>et</strong></span> <span class='ocrx_word' id='word_1_422' title='bbox 2195 4027 2518 4075; x_wconf 88' lang='lat' dir='ltr'><strong>commune</strong></span> <span class='ocrx_word' id='word_1_423' title='bbox 2565 4012 2845 4072; x_wconf 86' lang='lat' dir='ltr'><strong>nostrum</strong></span> <span class='ocrx_word' id='word_1_424' title='bbox 2917 4006 3064 4071; x_wconf 89' lang='lat' dir='ltr'><strong>dare</strong></span> <span class='ocrx_word' id='word_1_425' title='bbox 3128 4009 3223 4071; x_wconf 90' lang='lat' dir='ltr'><strong>te-</strong></span> 
     </span>
     <span class='ocr_line' id='line_1_42' title="bbox 505 4093 3225 4178; baseline 0.002 -24"><span class='ocrx_word' id='word_1_426' title='bbox 505 4107 762 4156; x_wconf 87' lang='lat' dir='ltr'><strong>neamur</strong></span> <span class='ocrx_word' id='word_1_427' title='bbox 800 4093 861 4157; x_wconf 92' lang='lat' dir='ltr'><strong>in</strong></span> <span class='ocrx_word' id='word_1_428' title='bbox 907 4098 1273 4178; x_wconf 87' lang='lat' dir='ltr'><strong>perpetuum</strong></span> <span class='ocrx_word' id='word_1_429' title='bbox 1319 4097 1637 4163; x_wconf 89' lang='lat' dir='ltr'><strong>annuatim</strong></span> <span class='ocrx_word' id='word_1_430' title='bbox 1683 4097 1939 4164; x_wconf 90' lang='lat' dir='ltr'><strong>ducatos</strong></span> <span class='ocrx_word' id='word_1_431' title='bbox 1991 4098 2108 4163; x_wconf 90' lang='lat' dir='ltr'><strong>VII</strong></span> <span class='ocrx_word' id='word_1_432' title='bbox 2160 4098 2334 4162; x_wconf 87' lang='lat' dir='ltr'><strong>milia</strong></span> <span class='ocrx_word' id='word_1_433' title='bbox 2381 4097 2522 4162; x_wconf 92' lang='lat' dir='ltr'><strong>boni</strong></span> <span class='ocrx_word' id='word_1_434' title='bbox 2573 4097 2706 4161; x_wconf 91' lang='lat' dir='ltr'><strong>auri</strong></span> <span class='ocrx_word' id='word_1_435' title='bbox 2745 4097 2810 4161; x_wconf 88' lang='lat' dir='ltr'><strong>et</strong></span> <span class='ocrx_word' id='word_1_436' title='bbox 2851 4095 2914 4159; x_wconf 92' lang='lat' dir='ltr'><strong>in</strong></span> <span class='ocrx_word' id='word_1_437' title='bbox 2963 4114 3112 4160; x_wconf 90' lang='lat' dir='ltr'><strong>auro</strong></span> <span class='ocrx_word' id='word_1_438' title='bbox 3158 4097 3225 4159; x_wconf 89' lang='lat' dir='ltr'><strong>et</strong></span> 
     </span>
     <span class='ocr_line' id='line_1_43' title="bbox 504 4178 3226 4270; baseline 0.001 -27"><span class='ocrx_word' id='word_1_439' title='bbox 504 4178 649 4244; x_wconf 91' lang='lat' dir='ltr'><strong>boni</strong></span> <span class='ocrx_word' id='word_1_440' title='bbox 694 4185 757 4244; x_wconf 91' lang='lat' dir='ltr'><strong>et</strong></span> <span class='ocrx_word' id='word_1_441' title='bbox 804 4181 952 4246; x_wconf 89' lang='lat' dir='ltr'><strong>iusti</strong></span> <span class='ocrx_word' id='word_1_442' title='bbox 994 4186 1275 4267; x_wconf 89' lang='lat' dir='ltr'><strong>ponderis</strong></span> <span class='ocrx_word' id='word_1_443' title='bbox 1320 4185 1568 4251; x_wconf 93' lang='lat' dir='ltr'><strong>domino</strong></span> <span class='ocrx_word' id='word_1_444' title='bbox 1617 4188 1748 4270; x_wconf 86' lang='lat' dir='ltr'><strong>regi</strong></span> <span class='ocrx_word' id='word_1_445' title='bbox 1794 4190 1859 4252; x_wconf 89' lang='lat' dir='ltr'><strong>et</strong></span> <span class='ocrx_word' id='word_1_446' title='bbox 1925 4186 2057 4252; x_wconf 91' lang='lat' dir='ltr'><strong>eius</strong></span> <span class='ocrx_word' id='word_1_447' title='bbox 2121 4185 2572 4251; x_wconf 87' lang='lat' dir='ltr'><strong>successoribus</strong></span> <span class='ocrx_word' id='word_1_448' title='bbox 2631 4184 2695 4249; x_wconf 93' lang='lat' dir='ltr'><strong>in</strong></span> <span class='ocrx_word' id='word_1_449' title='bbox 2754 4202 2941 4268; x_wconf 86' lang='lat' dir='ltr'><strong>regno</strong></span> <span class='ocrx_word' id='word_1_450' title='bbox 3001 4186 3065 4247; x_wconf 92' lang='lat' dir='ltr'><strong>et</strong></span> <span class='ocrx_word' id='word_1_451' title='bbox 3121 4201 3226 4248; x_wconf 92' lang='lat' dir='ltr'><strong>co-</strong></span> 
     </span>
     <span class='ocr_line' id='line_1_44' title="bbox 505 4270 3221 4358; baseline 0.002 -28"><span class='ocrx_word' id='word_1_452' title='bbox 505 4284 655 4333; x_wconf 88' lang='lat' dir='ltr'><strong>rona</strong></span> <span class='ocrx_word' id='word_1_453' title='bbox 698 4270 765 4334; x_wconf 92' lang='lat' dir='ltr'><strong>et</strong></span> <span class='ocrx_word' id='word_1_454' title='bbox 809 4270 927 4353; x_wconf 91' lang='lat' dir='ltr'><strong>ipsi</strong></span> <span class='ocrx_word' id='word_1_455' title='bbox 971 4290 1185 4338; x_wconf 87' lang='lat' dir='ltr'><strong>corone</strong></span> <span class='ocrx_word' id='word_1_456' title='bbox 1231 4276 1671 4356; x_wconf 84' lang='lat' dir='ltr'><strong>representanti</strong></span> <span class='ocrx_word' id='word_1_457' title='bbox 1719 4294 1979 4358; x_wconf 91' lang='lat' dir='ltr'><strong>regnum</strong></span> <span class='ocrx_word' id='word_1_458' title='bbox 2025 4277 2088 4339; x_wconf 91' lang='lat' dir='ltr'><strong>et</strong></span> <span class='ocrx_word' id='word_1_459' title='bbox 2133 4273 2585 4357; x_wconf 85' lang='lat' dir='ltr'><strong>presidentibus</strong></span> <span class='ocrx_word' id='word_1_460' title='bbox 2631 4290 2738 4354; x_wconf 91' lang='lat' dir='ltr'><strong>pro</strong></span> <span class='ocrx_word' id='word_1_461' title='bbox 2786 4273 2919 4354; x_wconf 91' lang='lat' dir='ltr'><strong>ipsa</strong></span> <span class='ocrx_word' id='word_1_462' title='bbox 2962 4290 3221 4348; x_wconf 87' lang='lat' dir='ltr'><strong>corona,</strong></span> 
     </span>
     <span class='ocr_line' id='line_1_45' title="bbox 506 4354 3225 4446; baseline 0.003 -29"><span class='ocrx_word' id='word_1_463' title='bbox 506 4354 828 4423; x_wconf 88' lang='lat' dir='ltr'><strong>solvendos</strong></span> <span class='ocrx_word' id='word_1_464' title='bbox 888 4358 951 4425; x_wconf 93' lang='lat' dir='ltr'><strong>in</strong></span> <span class='ocrx_word' id='word_1_465' title='bbox 1012 4361 1169 4427; x_wconf 80' lang='lat' dir='ltr'><strong>festo</strong></span> <span class='ocrx_word' id='word_1_466' title='bbox 1231 4362 1429 4428; x_wconf 84' lang='lat' dir='ltr'><strong>sancti</strong></span> <span class='ocrx_word' id='word_1_467' title='bbox 1492 4362 1656 4446; x_wconf 89' lang='lat' dir='ltr'><strong>regis</strong></span> <span class='ocrx_word' id='word_1_468' title='bbox 1717 4363 2014 4445; x_wconf 88' lang='lat' dir='ltr'><strong>Stephani</strong></span> <span class='ocrx_word' id='word_1_469' title='bbox 2076 4362 2174 4426; x_wconf 87' lang='lat' dir='ltr'><strong>die</strong></span> <span class='ocrx_word' id='word_1_470' title='bbox 2237 4363 2537 4446; x_wconf 89' lang='lat' dir='ltr'><strong>vigesima</strong></span> <span class='ocrx_word' id='word_1_471' title='bbox 2599 4359 2851 4444; x_wconf 88' lang='lat' dir='ltr'><strong>augusti</strong></span> <span class='ocrx_word' id='word_1_472' title='bbox 2892 4358 3225 4425; x_wconf 87' lang='lat' dir='ltr'><strong>cuiuslibet</strong></span> 
     </span>
     <span class='ocr_line' id='line_1_46' title="bbox 506 4442 3221 4534; baseline 0.002 -29"><span class='ocrx_word' id='word_1_473' title='bbox 506 4442 651 4506; x_wconf 92' lang='lat' dir='ltr'><strong>anni</strong></span> <span class='ocrx_word' id='word_1_474' title='bbox 693 4445 788 4510; x_wconf 86' lang='lat' dir='ltr'><strong>vel</strong></span> <span class='ocrx_word' id='word_1_475' title='bbox 834 4450 979 4512; x_wconf 89' lang='lat' dir='ltr'><strong>ante</strong></span> <span class='ocrx_word' id='word_1_476' title='bbox 1023 4448 1257 4514; x_wconf 89' lang='lat' dir='ltr'><strong>dictum</strong></span> <span class='ocrx_word' id='word_1_477' title='bbox 1305 4449 1554 4530; x_wconf 87' lang='lat' dir='ltr'><strong>festum,</strong></span> <span class='ocrx_word' id='word_1_478' title='bbox 1619 4453 1684 4516; x_wconf 87' lang='lat' dir='ltr'><strong>et</strong></span> <span class='ocrx_word' id='word_1_479' title='bbox 1742 4454 1859 4517; x_wconf 90' lang='lat' dir='ltr'><strong>hoc</strong></span> <span class='ocrx_word' id='word_1_480' title='bbox 1900 4453 1996 4516; x_wconf 89' lang='lat' dir='ltr'><strong>est</strong></span> <span class='ocrx_word' id='word_1_481' title='bbox 2039 4446 2151 4534; x_wconf 85' lang='lat' dir='ltr'><strong>pro</strong></span> <span class='ocrx_word' id='word_1_482' title='bbox 2194 4452 2360 4516; x_wconf 88' lang='lat' dir='ltr'><strong>omni</strong></span> <span class='ocrx_word' id='word_1_483' title='bbox 2417 4451 2549 4516; x_wconf 91' lang='lat' dir='ltr'><strong>iure</strong></span> <span class='ocrx_word' id='word_1_484' title='bbox 2607 4449 2728 4531; x_wconf 91' lang='lat' dir='ltr'><strong>ipsi</strong></span> <span class='ocrx_word' id='word_1_485' title='bbox 2782 4448 3029 4513; x_wconf 91' lang='lat' dir='ltr'><strong>domino</strong></span> <span class='ocrx_word' id='word_1_486' title='bbox 3090 4448 3221 4531; x_wconf 90' lang='lat' dir='ltr'><strong>regi</strong></span> 
     </span>
     <span class='ocr_line' id='line_1_47' title="bbox 508 4528 3225 4623; baseline 0.003 -31"><span class='ocrx_word' id='word_1_487' title='bbox 508 4528 575 4592; x_wconf 88' lang='lat' dir='ltr'><strong>et</strong></span> <span class='ocrx_word' id='word_1_488' title='bbox 618 4530 751 4597; x_wconf 90' lang='lat' dir='ltr'><strong>eius</strong></span> <span class='ocrx_word' id='word_1_489' title='bbox 800 4537 1256 4602; x_wconf 74' lang='lat' dir='ltr'><strong>successoribus</strong></span> <span class='ocrx_word' id='word_1_490' title='bbox 1303 4544 1366 4602; x_wconf 88' lang='lat' dir='ltr'><strong>et</strong></span> <span class='ocrx_word' id='word_1_491' title='bbox 1411 4540 1677 4605; x_wconf 92' lang='lat' dir='ltr'><strong>subditis</strong></span> <span class='ocrx_word' id='word_1_492' title='bbox 1719 4540 2286 4623; x_wconf 88' lang='lat' dir='ltr'><strong>quomodocumque</strong></span> <span class='ocrx_word' id='word_1_493' title='bbox 2341 4541 2405 4604; x_wconf 89' lang='lat' dir='ltr'><strong>et</strong></span> <span class='ocrx_word' id='word_1_494' title='bbox 2464 4536 2992 4621; x_wconf 89' lang='lat' dir='ltr'><strong>qualitercumque</strong></span> <span class='ocrx_word' id='word_1_495' title='bbox 3052 4553 3225 4600; x_wconf 88' lang='lat' dir='ltr'><strong>com-</strong></span> 
     </span>
     <span class='ocr_line' id='line_1_48' title="bbox 507 4618 3223 4716; baseline 0.003 -36"><span class='ocrx_word' id='word_1_496' title='bbox 507 4618 743 4716; x_wconf 81' lang='lat' dir='ltr'><strong>petenti</strong></span> <span class='ocrx_word' id='word_1_497' title='bbox 787 4624 1114 4706; x_wconf 88' lang='lat' dir='ltr'><strong>navigandi</strong></span> <span class='ocrx_word' id='word_1_498' title='bbox 1159 4644 1266 4707; x_wconf 88' lang='lat' dir='ltr'><strong>per</strong></span> <span class='ocrx_word' id='word_1_499' title='bbox 1310 4625 1566 4705; x_wconf 88' lang='lat' dir='ltr'><strong>culfum,</strong></span> <span class='ocrx_word' id='word_1_500' title='bbox 1641 4627 1882 4694; x_wconf 87' lang='lat' dir='ltr'><strong>scilicet</strong></span> <span class='ocrx_word' id='word_1_501' title='bbox 1930 4627 2094 4693; x_wconf 90' lang='lat' dir='ltr'><strong>intra</strong></span> <span class='ocrx_word' id='word_1_502' title='bbox 2156 4629 2430 4700; x_wconf 84' lang='lat' dir='ltr'><strong>confines</strong></span> <span class='ocrx_word' id='word_1_503' title='bbox 2491 4626 2779 4691; x_wconf 88' lang='lat' dir='ltr'><strong>videlicet</strong></span> <span class='ocrx_word' id='word_1_504' title='bbox 2835 4644 2872 4690; x_wconf 90' lang='lat' dir='ltr'><strong>a</strong></span> <span class='ocrx_word' id='word_1_505' title='bbox 2932 4623 3223 4689; x_wconf 90' lang='lat' dir='ltr'><strong>Polmen-</strong></span> 
     </span>
     <span class='ocr_line' id='line_1_49' title="bbox 508 4705 3223 4803; baseline 0.004 -38"><span class='ocrx_word' id='word_1_506' title='bbox 508 4705 671 4803; x_wconf 77' lang='lat' dir='ltr'><strong>torio</strong></span> <span class='ocrx_word' id='word_1_507' title='bbox 737 4710 799 4769; x_wconf 89' lang='lat' dir='ltr'><strong>et</strong></span> <span class='ocrx_word' id='word_1_508' title='bbox 864 4710 942 4774; x_wconf 91' lang='lat' dir='ltr'><strong>ab</strong></span> <span class='ocrx_word' id='word_1_509' title='bbox 988 4711 1270 4778; x_wconf 84' lang='lat' dir='ltr'><strong>Arimino</strong></span> <span class='ocrx_word' id='word_1_510' title='bbox 1317 4713 1622 4781; x_wconf 84' lang='lat' dir='ltr'><strong>exclusive</strong></span> <span class='ocrx_word' id='word_1_511' title='bbox 1691 4735 1902 4782; x_wconf 86' lang='lat' dir='ltr'><strong>versus</strong></span> <span class='ocrx_word' id='word_1_512' title='bbox 1948 4714 2240 4782; x_wconf 88' lang='lat' dir='ltr'><strong>Venetias</strong></span> <span class='ocrx_word' id='word_1_513' title='bbox 2287 4719 2350 4781; x_wconf 88' lang='lat' dir='ltr'><strong>et</strong></span> <span class='ocrx_word' id='word_1_514' title='bbox 2416 4716 2555 4794; x_wconf 60' lang='lat' dir='ltr'><strong>cet</strong></span> <span class='ocrx_word' id='word_1_515' title='bbox 2622 4717 2694 4778; x_wconf 94' lang='lat' dir='ltr'><strong>ut</strong></span> <span class='ocrx_word' id='word_1_516' title='bbox 2758 4714 2820 4777; x_wconf 92' lang='lat' dir='ltr'><strong>in</strong></span> <span class='ocrx_word' id='word_1_517' title='bbox 2866 4711 3033 4777; x_wconf 90' lang='lat' dir='ltr'><strong>dicta</strong></span> <span class='ocrx_word' id='word_1_518' title='bbox 3070 4730 3223 4793; x_wconf 87' lang='lat' dir='ltr'><strong>pace</strong></span> 
     </span>
     <span class='ocr_line' id='line_1_50' title="bbox 510 4788 3222 4889; baseline 0.005 -37"><span class='ocrx_word' id='word_1_519' title='bbox 510 4788 870 4873; x_wconf 77' lang='lat' dir='ltr'><strong>plenissime</strong></span> <span class='ocrx_word' id='word_1_520' title='bbox 914 4799 1286 4881; x_wconf 87' lang='lat' dir='ltr'><strong>continetur,</strong></span> <span class='ocrx_word' id='word_1_521' title='bbox 1326 4802 1602 4870; x_wconf 87' lang='lat' dir='ltr'><strong>volentes</strong></span> <span class='ocrx_word' id='word_1_522' title='bbox 1647 4804 1969 4871; x_wconf 88' lang='lat' dir='ltr'><strong>attendere</strong></span> <span class='ocrx_word' id='word_1_523' title='bbox 2015 4823 2087 4870; x_wconf 84' lang='lat' dir='ltr'><strong>ex</strong></span> <span class='ocrx_word' id='word_1_524' title='bbox 2129 4806 2304 4889; x_wconf 86' lang='lat' dir='ltr'><strong>parte</strong></span> <span class='ocrx_word' id='word_1_525' title='bbox 2350 4806 2565 4870; x_wconf 91' lang='lat' dir='ltr'><strong>nostra</strong></span> <span class='ocrx_word' id='word_1_526' title='bbox 2608 4802 2689 4883; x_wconf 85' lang='lat' dir='ltr'><strong>id,</strong></span> <span class='ocrx_word' id='word_1_527' title='bbox 2736 4802 2894 4885; x_wconf 91' lang='lat' dir='ltr'><strong>quod</strong></span> <span class='ocrx_word' id='word_1_528' title='bbox 2958 4799 3222 4883; x_wconf 90' lang='lat' dir='ltr'><strong>promis-</strong></span> 
     </span>
    </p>
   </div>
  </div>
 </body>
</html>
