3620 5282
529 321 615 388 96

530 511 713 579 quam
784 512 905 558 non
967 495 1103 559 vult
1159 493 1645 559 condescendere
1705 494 1781 559 ad
1841 513 2053 577 pacem
2122 513 2264 559 cum
2313 494 2640 574 CatariniS,
2715 499 2923 561 nostra
2988 496 3254 563 intentio

530 582 777 648 omnino
823 585 937 659 est,
984 580 1146 664 quod
1194 582 1424 665 galeae,
1473 580 1646 663 ligna
1684 584 1747 645 et
1795 581 2039 663 navigia
2080 598 2207 659 sua,
2273 601 2389 663 que
2436 585 2608 647 tenet
2668 587 2909 647 armata
2968 584 3030 650 in
3094 584 3256 648 mari

529 668 606 733 ad
653 670 956 733 damnum'
995 673 1059 732 et
1112 669 1405 733 offensam
1452 667 1725 750 ipsorum
1772 667 2221 745 Catarinorum,
2285 671 2597 734 removeat
2642 675 2704 733 et
2749 671 3045 735 disarmet
3088 671 3253 735 omni

530 774 714 819 causo
742 760 996 832 remota,
1031 774 1140 819 nec
1164 755 1298 838 ipsa
1330 755 1426 819 vel
1459 754 1583 820 alia
1607 756 1870 841 navigia,
1897 755 2073 838 galee
2101 757 2197 820 vel
2220 755 2389 838 ligna
2414 757 2488 820 de
2514 759 2716 823 cetero
2738 760 2979 822 armata
3009 758 3070 822 iu
3095 759 3253 823 mari

529 844 739 907 teneat
784 840 858 906 ad
902 844 1191 906 damnum
1240 841 1336 905 vel
1383 841 1674 906 offensam
1722 843 2089 924 aliquorum,
2138 847 2203 905 et
2247 843 2406 925 quod
2455 845 2579 907 iam
2626 845 2982 909 comisimus
3052 847 3255 911 nostro

531 930 845 1010 capitaneo
907 928 1070 1006 culfi,
1133 930 1291 1010 quod
1352 930 1412 992 in
1470 947 1636 1008 casu,
1700 930 1857 1011 quod
1916 930 2084 994 dicta
2142 948 2257 1011 pax
2328 933 2643 995 remaneat
2686 932 2888 996 solum
2935 951 3043 1014 pro
3087 933 3253 997 dicto

529 1015 702 1090 dura,
753 1018 817 1079 et
860 1016 1017 1097 quod
1062 1016 1195 1098 ipse
1243 1034 1363 1078 non
1410 1019 1722 1081 removeat
1781 1019 1845 1079 et
1891 1014 2190 1080 disarmet
2251 1016 2449 1080 dictas
2519 1036 2662 1082 suas
2706 1017 2935 1102 galeaS‚
2983 1019 3154 1102 ligna
3190 1022 3256 1084 et

530 1102 796 1185 navigia,
845 1105 917 1166 ut
962 1104 1056 1165 est
1101 1102 1357 1182 dictum,
1405 1102 1574 1184 ipsas
1621 1102 1850 1187 galeas,
1899 1104 2070 1186 ligna
2115 1105 2178 1166 et
2221 1104 2471 1185 navigia
2532 1123 2670 1168 cum
2735 1106 3011 1188 personis
3070 1126 3253 1189 super

533 1191 687 1272 ipsis
735 1190 1142 1254 existentibus
1191 1189 1587 1268 intromittat,
1639 1190 1910 1254 offendat
1977 1193 2041 1254 et
2086 1191 2442 1255 damnificet
2504 1193 2794 1274 tanquam
2859 1193 3135 1276 publicos
3191 1197 3257 1257 et

533 1276 893 1340 manifestos
940 1275 1269 1340 cursarios.
1316 1276 1496 1340 Etsi
1542 1296 1648 1360 per
1704 1277 1872 1342 dicta
1937 1277 2121 1341 verba
2187 1276 2389 1341 dictus
2451 1278 2612 1343 Jura
2672 1280 3131 1345 contentabitur
3191 1283 3257 1345 et

533 1363 977 1428 condescendet
1026 1363 1102 1427 ad
1160 1382 1391 1445 pacem,
1464 1363 1616 1428 bene
1686 1364 1972 1446 quidem;
2031 1363 2306 1447 alioquin
2366 1364 2570 1430 dictus
2626 1369 2832 1431 noster
2891 1369 3257 1433 ambaxator

532 1470 714 1532 quam
764 1451 953 1515 cicius
1002 1451 1229 1533 poterit
1275 1451 1482 1514 redeat
1529 1451 1842 1527 Venetias‚
1891 1452 2215 1516 scribendo
2262 1453 2581 1533 capitaneo
2623 1454 2766 1518 culfi
2830 1456 2893 1518 et
2953 1455 3149 1520 dando
3196 1458 3253 1520 ei

531 1538 1049 1616 informationem,
1099 1537 1366 1620 qualiter
1412 1556 1530 1620 pax
1579 1539 1946 1603 remanserit
1994 1538 2193 1603 solum
2234 1558 2343 1622 per
2389 1540 2622 1604 dictum
2670 1541 2925 1619 Juram‚.
2970 1546 3041 1606 ut
3087 1542 3252 1608 idem

532 1626 890 1709 capitaneus
938 1625 1137 1689 facere
1185 1627 1249 1689 et
1294 1624 1634 1706 adimplere
1681 1627 1880 1707 possit
1924 1626 2279 1690 mandatum
2332 1629 2630 1692 nostrum.

743 1731 855 1796 Cui
920 1731 1237 1811 capitaneo
1299 1729 1440 1793 culfi
1501 1732 1829 1795 mandetur
1886 1731 2258 1795 auctoritate
2316 1731 2497 1796 istius
2564 1733 2806 1799 consilii
2875 1738 3253 1818 rogatorum,

533 1820 694 1902 qnod
742 1837 928 1900 quarn
972 1818 1155 1881 citius
1203 1817 1450 1899 poterit,
1501 1819 1714 1882 habita
1763 1819 1928 1882 dicta
1976 1817 2406 1905 informatione
2444 1819 2521 1882 ab
2570 1821 2960 1885 ambaxatore
3023 1824 3252 1902 nostro,

534 1925 672 1970 cum
722 1905 940 1987 galeis.
981 1923 1124 1968 cum
1166 1904 1389 1987 quibus
1436 1922 1502 1968 se
1548 1906 1830 1987 reperiet,
1877 1906 2065 1968 vadat
2107 1905 2184 1968 ad
2233 1908 2438 1987 partes
2483 1905 2825 1985 dictiJure,
2875 1912 2938 1972 et
2985 1910 3043 1973 in
3090 1927 3255 1984 casu,

534 2011 653 2075 quo
701 1993 864 2056 idem
911 1990 1067 2056 Jnra
1109 2009 1226 2053 non
1275 1991 1609 2055 removerit
1657 1995 1719 2054 et
1765 1990 2203 2055 disarmaverit
2248 1992 2480 2074 galeas,
2530 1993 2699 2075 ligna
2744 1996 2808 2058 et
2846 1997 3114 2077 naviglia
3144 2015 3255 2060 sua

533 2079 831 2162 predicta,
876 2087 937 2142 et
982 2078 1100 2141 sibi
1149 2078 1540 2157 constaverit‚
1591 2079 1748 2160 quod
1796 2078 2351 2143 damnificaverunt
2396 2080 2632 2162 aliquos
2696 2086 2938 2146 nostros
2985 2083 3253 2148 Venetos

535 2167 632 2231 vel
680 2166 910 2239 fideleS.
960 2164 1124 2244 ipsas
1173 2164 1406 2248 galeas,
1456 2165 1627 2248 ligna
1673 2168 1737 2230 et
1783 2166 2034 2247 navigia
2080 2185 2219 2229 cum
2272 2167 2543 2247 personis
2576 2188 2758 2249 super
2807 2170 2957 2251 ipsis
2990 2171 3254 2234 existen·

535 2255 701 2317 tibus
746 2252 1148 2327 intromittat,
1196 2251 1470 2316 offendat
1528 2254 1591 2317 et
1635 2251 1987 2316 damnificet
2047 2254 2369 2335 tamquam
2434 2254 2713 2336 publicos
2771 2260 2832 2319 et
2894 2257 3255 2321 manifestos

534 2341 854 2406 cursarioS.
905 2339 969 2403 Si
1022 2357 1161 2402 vero
1234 2358 1350 2402 non
1413 2341 1792 2404 constaverit
1853 2341 2016 2403 dicto
2080 2342 2419 2421 capitaneo,
2487 2344 2643 2423 quod
2706 2343 3259 2408 damnificaverunt

533 2428 771 2508 aliquos
818 2428 1058 2491 nostros
1107 2426 1372 2490 Venetos
1420 2425 1518 2491 vel
1565 2426 1796 2504 fideleS,
1844 2427 1994 2490 tunc
2040 2426 2205 2509 ipsas
2240 2428 2471 2510 galea8‚
2522 2429 2690 2509 ligna
2717 2431 2781 2494 et
2812 2431 3059 2514 navigia
3090 2449 3257 2496 com-

533 2515 736 2591 burat,
784 2518 847 2576 et
887 2513 1169 2577 homiues
1216 2512 1388 2576 abire
1435 2514 1777 2595 permittat,
1830 2512 2082 2578 dicendo
2149 2513 2257 2591 eiS,
2322 2515 2480 2597 quod
2541 2516 2593 2580 si
2654 2517 2920 2598 amplius
2982 2518 3258 2583 venerint

534 2604 595 2666 in
643 2600 895 2667 forciam
945 2617 1139 2677 snam,
1190 2598 1265 2663 de
1319 2601 1469 2681 ipsis
1520 2598 1725 2679 faciet,
1776 2602 1960 2683 prout
2005 2601 2076 2664 de
2124 2600 2386 2683 publicis
2449 2602 2759 2668 cursariiS.
2823 2604 2908 2670 Et
2967 2606 3256 2671 similiter

535 2691 818 2754 observet
864 2691 927 2751 et
970 2686 1155 2751 faciat
1201 2686 1401 2751 dictus
1449 2687 1825 2769 capitaneuS‚
1875 2688 1927 2751 si
1975 2685 2253 2753 decetero
2299 2690 2430 2771 ipse
2473 2690 2627 2754 Jura
2675 2696 2947 2757 armaret
2991 2694 3053 2756 in
3101 2694 3256 2757 mari

536 2775 776 2858 aliquas
828 2773 1058 2857 galeaS,
1104 2773 1277 2856 ligna
1323 2776 1387 2838 et
1433 2775 1678 2856 navigia
1723 2774 1798 2839 ad
1863 2775 2155 2839 damnum
2215 2775 2311 2841 vel
2372 2775 2647 2841 ofensarn
2708 2778 3015 2843 dictorum
3076 2779 3259 2845 Cata·

538 2863 812 2927 tinorum
882 2861 979 2926 vel
1055 2861 1403 2944 aliquorum
1477 2860 1761 2926 aliorum.
1834 2862 2066 2926 Verum
2127 2865 2398 2944 apponat
2458 2865 2657 2929 dictus
2701 2866 3059 2948 capitaneus
3106 2867 3257 2932 bene

538 2953 812 3015 mentem
856 2949 929 3012 de
975 2948 1250 3013 faciendo
1296 2948 1409 3013 hoc
1468 2967 1610 3013 cum
1676 2949 1838 3013 bona
1900 2947 2244 3030 provisione
2307 2953 2369 3014 et
2428 2968 2568 3015 cum
2629 2954 2964 3018 securitate
3024 2956 3258 3019 armate

536 3038 741 3102 nostre
803 3035 921 3100 sibi
1000 3035 1282 3112 comisse‚
1349 3038 1413 3098 et
1480 3034 1758 3117 predict-a
1829 3036 2018 3099 etiarn
2083 3035 2384 3101 addantur
2445 3037 2507 3100 in
2570 3038 2931 3106 comissione
2996 3041 3255 3106 aliorum

536 3123 995 3206 capitaneorum
1031 3122 1190 3187 'culfi
1238 3122 1605 3202 futurorum,
1655 3143 1771 3206 que
1820 3122 2111 3187 similiter
2157 3123 2418 3188 debeant
2464 3126 2806 3191 observare.

750 3225 866 3304 Qui
914 3226 1271 3290 ambaxator
1316 3227 1609 3309 elligatur
1657 3246 1762 3308 per
1808 3227 1962 3292 duas
2010 3245 2231 3292 manus
2277 3228 2672 3295 ellectionum
2734 3231 2798 3296 in
2855 3231 3114 3298 consilio
3159 3250 3257 3297 ro-

539 3315 845 3397 gatorum,
890 3312 1250 3394 applicando
1296 3312 1546 3378 ellectos
1593 3314 1670 3378 ad
1718 3333 1931 3391 unum,
1981 3320 2042 3378 et
2090 3314 2214 3392 ille,
2266 3316 2369 3397 qui
2419 3317 2625 3397 plures
2656 3319 2920 3384 ballotas
2950 3320 3257 3397 habuerit,

541 3398 910 3464 transeundo
954 3398 1224 3463 medium
1273 3399 1620 3478 consilium,
1669 3401 1756 3466 sit
1799 3402 2036 3479 firmuS,
2085 3404 2150 3466 et
2190 3403 2415 3466 habeat
2473 3404 2549 3467 de
2608 3405 2832 3471 salario
2894 3407 3087 3470 libras
3147 3407 3262 3472 du·

540 3487 787 3551 centum
836 3504 941 3567 pro
992 3486 1228 3550 duobus
1276 3488 1590 3552 mensibus
1638 3490 1702 3552 et
1742 3488 1885 3551 inde
1930 3488 1991 3552 in
2032 3489 2213 3554 autea
2256 3490 2449 3554 libras
2481 3492 2928 3576 quinquaginta
2962 3494 3024 3558 in
3052 3513 3259 3559 mense

542 3577 605 3637 et
653 3572 883 3636 ratione
923 3573 1174 3649 mensi8‚
1224 3575 1288 3637 et
1334 3574 1528 3655 possit
1568 3576 1901 3657 expendere
1948 3574 2010 3638 in
2057 3576 2341 3641 omnibus
2385 3578 2663 3658 expensis
2696 3580 3261 3664 quomodocumque

540 3659 660 3724 sibi
708 3659 1167 3722 occurrentibus
1213 3661 1466 3725 ducatos
1512 3660 1771 3726 duos'in
1819 3661 1914 3726 die
1960 3679 2078 3725 non
2126 3665 2497 3744 computatis
2566 3665 2811 3731 nabulis
2871 3669 3259 3750 navigiorum

542 3765 651 3811 nec
694 3745 923 3828 agociis
969 3765 1293 3827 equorum3
1344 3748 1407 3811 et
1450 3747 1635 3813 ducat
1680 3767 1891 3814 secum
1939 3750 2062 3813 tres
2111 3747 2374 3813 famulos
2417 3754 2479 3814 et
2528 3771 2716 3815 unum
2753 3754 3060 3820 notarium
3093 3757 3257 3820 curie

542 3854 680 3899 cum
730 3852 848 3897 nno
892 3831 1144 3908 famum,
1188 3835 1254 3898 et
1299 3837 1582 3899 teneatur
1627 3834 1718 3899 ire
1764 3840 1829 3899 et
1877 3837 2155 3900 recedere
2202 3836 2365 3901 sicut
2408 3840 2472 3902 et
2517 3840 2756 3920 quaudo
2800 3842 3109 3907 videbitur
3154 3841 3260 3908 do-

543 3921 732 3986 minio
776 3921 940 3985 omni
991 3938 1177 3985 causa
1225 3923 1485 3985 remota.
1526 3921 1610 3985 Et
1654 3922 1912 4004 pecunia
1979 3924 2324 3987 necessaria
2385 3943 2494 4006 pro
2556 3926 2726 3991 dicta
2779 3929 3104 3994 ambaxata
3159 3947 3260 3995 ac-

541 4008 808 4090 cipiatur
847 4008 1060 4072 mutuo
1104 4029 1145 4070 a
1190 4025 1433 4073 camera
1479 4007 1773 4072 frumenti
1819 4028 1958 4074 cum
2007 4010 2326 4075 ordinibus
2374 4016 2555 4090 terre,
2603 4014 2679 4079 de
2726 4033 2849 4097 qua
2880 4015 3260 4081 restituenda

542 4101 752 4180 postea
800 4095 860 4160 in
909 4092 1114 4160 reditu
1159 4094 1311 4159 dicti
1356 4094 1772 4159 ambaxatoris
1819 4095 2259 4177 providebitur,
2306 4097 2466 4163 sicut
2513 4100 2729 4166 utilius
2775 4103 3118 4186 apparebit.
3230 4129 3237 4134 ·

751 4199 1155 4264 Ambaxatori
1202 4200 1407 4263 autem
1452 4199 1686 4263 domini
1745 4200 1911 4283 regis
1957 4202 2147 4266 Raxie
2209 4204 2273 4267 et
2331 4202 2762 4270 Catarinorum
2824 4211 3259 4290 respondeatur

540 4307 679 4360 cum
727 4287 856 4355 illis
903 4287 1132 4369 pulcris
1182 4285 1402 4363 verbiS‚
1452 4305 1572 4368 que
1617 4287 1889 4353 dominio
1938 4287 2326 4365 videbuntur,
2380 4292 2541 4372 quod
2585 4295 2960 4360 intendimus
3008 4296 3256 4361 mittere

541 4382 1001 4447 ambaxatorem
1050 4374 1327 4441 nostrum
1377 4391 1482 4455 pro
1529 4392 1676 4456 pace
1726 4376 1790 4439 et
1851 4375 2169 4440 concordio
2231 4378 2570 4443 tractandis
2631 4381 2794 4445 inter
2854 4384 3061 4463 partes
3121 4401 3258 4465 pre·

543 4469 761 4544 dictas.
805 4470 897 4531 De
944 4469 1119 4547 parte
1165 4460 1269 4538 55,
1310 4460 1384 4524 de
1431 4479 1547 4524 non
1595 4461 1656 4537 9,
1707 4479 1826 4525 non
1889 4462 2111 4526 sineeri
2168 4464 2229 4528 6.
2277 4463 2529 4529 Electus
2589 4468 2952 4535 ambaxator
3008 4489 3107 4534 ser
3151 4468 3260 4534 Gi-

545 4556 757 4627 bertns
804 4551 1105 4632 Dandulo,
1152 4547 1386 4632 plezius
1432 4565 1530 4611 ser
1571 4547 1853 4613 Donatus
1901 4548 2139 4616 Mauro.

634 4675 813 4746 Masta·
864 4669 1177 4742 XXXIII
1216 4673 1319 4750 32,
1363 4690 1405 4742 u
1446 4672 1598 4746 mzea
1648 4673 1881 4745 arkivu·
