3620 5282
871 544 1204 631 van.
1259 549 1465 631 God.
1522 549 1740 632 1361.
1795 550 1891 631 18
1944 552 2316 652 trax-aja,
2366 573 2427 633 u
2479 548 2733 633 Becu.

430 706 731 780 Bszjeinik
778 708 1002 769 Barmz
1059 710 1232 769 Ursc'o
1277 710 1588 784 izvies‘ciuje
1655 713 1823 784 svesa
1892 712 2073 771 vladu
2140 730 2173 771 ο
2241 729 2401 771 svom
2463 712 2818 784 putovanju,
2884 712 3035 773 kako
3092 717 3159 788 je

427 797 623 855 naime
661 796 840 857 (1οέαο
887 816 926 857 u
974 797 1112 871 Rea,
1161 803 1215 857 te
1260 797 1321 857 όε
1356 800 1531 871 prodi
1567 818 1606 857 u
1669 800 1967 878 Visam-acl,
2037 800 2117 858 da
2188 802 2360 860 obavc'
2426 801 2703 859 naloiene
2747 818 2850 859 mu
2884 802 3157 877 poslove;

433 884 660 962 dodqq'c,
709 886 789 945 da
833 902 896 945 se
923 888 1218 960 prikazao
1265 886 1424 961 krulj
1470 887 1726 957 Andria,
1774 906 1805 945 o
1851 889 1982 947 kom
2020 905 2082 947 se
2128 889 2348 962 ανὲαῑο,
2416 888 2496 948 da
2542 889 2610 961 je
2671 906 2712 946 u
2759 888 3009 962 Napata
3069 892 3162 950 bio

1643 977 1942 1037 smaknut.

644 1116 750 1179 Ex
797 1117 1066 1198 tergo:
1129 1114 1534 1181 Serenissimo
1581 1118 1644 1179 et
1701 1115 2215 1181 excellentissimo
2271 1117 2516 1181 domino
2578 1135 2686 1181 suo
2750 1118 2994 1185 domino
3050 1121 3161 1187 Jo-

434 1203 621 1269 hanni
667 1202 997 1286 Delphyne
1044 1202 1143 1267 dei
1192 1204 1396 1286 gratia
1440 1203 1580 1268 duci
1633 1204 2039 1268 veneciarum
2088 1208 2204 1268 etc.

641 1306 1045 1372 Serenissime
1092 1309 1332 1372 domine
1383 1308 1485 1387 mi,
1538 1329 1644 1391 per
1691 1308 1900 1391 plures
1949 1328 2117 1373 meas
2166 1309 2411 1373 litteras
2460 1309 2639 1373 datas
2697 1309 2760 1375 in
2830 1310 3047 1378 itinere
3095 1316 3160 1379 et

435 1396 654 1461 missas
719 1415 824 1479 per
886 1395 1138 1460 nuncios
1200 1395 1501 1478 speciales
1570 1398 1796 1474 omnia,
1868 1416 1982 1478 que
2051 1396 2317 1461 feceram
2378 1397 2444 1461 et
2483 1397 2838 1475 habueram,
2886 1401 3157 1467 dominio

433 1487 634 1548 vestro
681 1482 986 1562 denotavi,
1036 1485 1101 1549 et
1143 1483 1508 1549 solicitando
1557 1504 1662 1566 pro
1711 1503 1887 1565 posse
1934 1485 2055 1549 iter
2104 1503 2328 1562 meum,
2380 1487 2515 1548 tum
2543 1488 2792 1567 propter
2823 1487 3153 1565 induciam,

428 1590 611 1654 quam
660 1573 1056 1654 opportebam
1105 1571 1302 1636 facere
1349 1591 1460 1654 pro
1518 1573 1761 1635 sciendo
1826 1572 1899 1636 de
1963 1572 2136 1636 novis
2204 1572 2374 1636 iuxta
2433 1577 2706 1636 vestrum
2771 1575 3154 1657 mandatum,

431 1660 578 1741 quia
626 1679 810 1740 parva
858 1660 1007 1724 hora
1051 1659 1295 1723 inducie
1339 1661 1491 1723 satis
1537 1661 1800 1724 dilactat
1847 1659 1921 1723 de
1990 1662 2285 1742 tempore,
2349 1662 2487 1724 tum
2550 1662 2799 1742 propter
2859 1681 3157 1744 equorum

429 1747 819 1817 debilitatem
876 1748 1065 1812 cicius
1128 1767 1312 1828 quam
1373 1747 1590 1812 diebus
1653 1750 1891 1829 septem
1954 1766 1991 1812 a
2046 1749 2151 1811 die
2212 1748 2330 1812 mei
2393 1766 2704 1812 reccessus
2765 1747 2841 1811 de
2885 1750 3160 1816 Tervisio

428 1838 584 1917 aput
629 1836 900 1901 Neustat
929 1836 1278 1917 applicuere
1323 1836 1587 1918 nequivi,
1642 1837 1744 1899 ubi
1779 1837 2180 1919 congregacio
2217 1854 2441 1919 magna
2480 1835 2768 1917 gencium
2808 1841 2944 1902 erat
2974 1857 3162 1904 causa

431 1923 698 1988 faciendi
751 1943 936 1987 unum
990 1925 1475 1988 torniamentum
1523 1927 1585 1987 et
1632 1924 1776 1986 dum
1831 1970 1893 1985 ..
1932 1974 1944 1988 .
1983 1974 1995 1987 .
2054 1925 2278 1988 bantur
2325 1943 2433 2005 per
2479 1943 2707 2000 omneS,
2757 1924 2902 2005 quia
2963 1925 3164 1991 domi-

433 2031 546 2076 nus
589 2030 694 2075 rex
742 2011 1061 2094 Hungarie
1108 2010 1194 2074 ibi
1242 2011 1505 2075 debebat
1571 2011 1773 2074 venire
1820 2012 1898 2074 ad
1945 2013 2183 2077 dictum
2252 2012 2479 2075 festum
2540 2010 2640 2075 die
2704 2012 2922 2077 martis
2982 2014 3159 2080 XVII

434 2098 664 2164 mensis
709 2098 1022 2177 instanti8‚
1093 2118 1213 2181 qua
1279 2098 1379 2163 die
1449 2098 1601 2162 hora
1666 2099 1857 2163 tercie
1914 2119 2125 2164 omnes
2173 2100 2467 2180 ceperunt
2513 2099 2791 2162 recedere
2860 2102 2925 2165 et
2968 2102 3160 2167 nichil

435 2186 669 2251 factum
716 2186 852 2265 fuit,
925 2186 1199 2264 dicendo,
1265 2188 1420 2269 quod
1484 2185 1915 2250 induciabatur
1977 2187 2212 2251 dictum
2279 2185 2505 2250 festum
2554 2186 2630 2249 ad
2700 2185 3159 2253 cellebrandum

435 2274 645 2350 Viene,
695 2294 805 2339 nec
850 2275 1131 2339 dominus
1177 2293 1282 2338 rex
1325 2274 1639 2357 Hungarie
1688 2274 1773 2337 ibi
1847 2276 2031 2350 venit,
2091 2280 2186 2339 set
2245 2273 2580 2350 dicebatur,
2644 2275 2800 2354 quod
2872 2275 3160 2340 dominus

429 2378 631 2426 comes
680 2363 991 2444 palatinus
1057 2366 1192 2425 erat
1243 2361 1450 2438 Viene,
1512 2363 1618 2425 ubi
1669 2364 1903 2425 accessi
1971 2362 2103 2444 ipsa
2167 2362 2267 2426 die
2312 2361 2492 2425 XVII
2540 2360 2767 2425 mensis
2819 2362 2943 2427 iam
3010 2363 3160 2428 dicti

434 2450 546 2513 tali
592 2451 762 2527 hora,
813 2451 968 2532 quod
1001 2450 1134 2531 ipsa
1184 2451 1278 2514 die
1325 2449 1400 2513 de
1451 2453 1654 2514 vestra
1687 2450 2033 2514 intencione
2067 2450 2257 2514 nichil
2309 2451 2537 2513 sentire
2587 2448 2768 2514 valui.
2822 2448 2930 2515 Set
2955 2451 3157 2516 inveni

433 2538 639 2619 ipsum
682 2537 969 2602 comitem
1018 2536 1217 2601 altera
1262 2537 1361 2601 die
1409 2537 1763 2619 precedenti
1812 2537 1884 2601 de
1934 2538 2125 2603 Viena
2189 2538 2567 2615 leccessisse,
2630 2540 2693 2600 et
2740 2537 2923 2602 ivisse
2986 2539 3163 2604 Hun-

434 2624 694 2709 gariam.
744 2625 918 2692 Nova
962 2626 1170 2691 autem
1212 2626 1458 2690 domine
1517 2626 1622 2702 mi,
1686 2646 1802 2709 que
1850 2625 1912 2689 in
1970 2626 2250 2710 partibus
2309 2625 2451 2690 istis
2514 2626 2731 2690 sonant
2793 2627 2967 2708 pleno
3038 2647 3160 2707 ore,

435 2717 585 2778 sunt
628 2714 759 2786 hec.
805 2714 1111 2792 videlicet,
1157 2715 1315 2797 quod
1367 2733 1521 2778 unus
1589 2715 1771 2778 homo
1820 2716 2165 2797 comparuit
2211 2715 2275 2778 in
2336 2713 2678 2796 Hungaria,
2729 2714 2953 2795 dicenS,
3001 2715 3164 2798 qnod

433 2805 529 2867 est
575 2821 680 2866 rex
722 2801 972 2866 Andre-a
1021 2800 1211 2865 frater
1257 2801 1490 2867 domini
1536 2801 1720 2883 regis,
1772 2805 1836 2864 et
1884 2822 2000 2866 non
2064 2805 2159 2866 est
2219 2820 2451 2878 verum,
2500 2801 2657 2883 quod
2724 2801 2911 2865 suerit
2972 2802 3163 2867 inter·

435 2890 652 2968 fectuS,
700 2892 797 2955 set
842 2891 1152 2973 presciens
1199 2891 1270 2953 de
1319 2893 1518 2954 morte
1588 2909 1718 2961 sua,
1791 2909 1946 2953 unus
2009 2890 2140 2953 eius
2199 2889 2575 2954 camerarius
2637 2888 2757 2951 fuit
2802 2888 3164 2955 interfectus

432 2978 563 3042 loco
609 2977 759 3056 eius,
837 2976 1098 3043 evadens
1167 2977 1280 3041 hoc
1329 2975 1504 3042 modo
1550 2995 1588 3039 a
1635 2977 1905 3058 periculo
1954 2977 2192 3056 mortiS,
2266 2979 2329 3040 et
2392 2996 2463 3039 ex
2530 2975 2749 3039 timore
2813 2977 2927 3041 ivit
2998 2977 3164 3043 ultra

438 3083 609 3128 mare
656 3068 954 3149 tanquam
1002 3065 1304 3148 ignotum,
1355 3065 1460 3129 ubi
1526 3066 1707 3128 stetit
1748 3083 1942 3146 usque
2002 3084 2178 3129 nnnc.
2244 3065 2468 3128 Fertur
2518 3062 2733 3142 eciam,
2804 3067 2964 3148 quod
3034 3066 3165 3148 ipse

435 3153 821 3218 demonstrat
866 3154 1045 3235 signa
1090 3152 1284 3234 ipsius
1332 3152 1564 3217 domini
1612 3154 1773 3234 regis
1824 3153 2083 3229 Andree‚
2135 3155 2198 3216 et
2244 3171 2456 3216 omnes
2504 3154 2678 3215 actus
2726 3154 2907 3234 atque
2942 3156 3164 3233 motuS,
3238 3185 3251 3204 ι

433 3258 588 3324 quos
635 3241 855 3305 habuit
903 3245 966 3304 et
1009 3239 1159 3304 fecit
1203 3239 1366 3304 idem
1417 3261 1518 3305 rex
1567 3240 1846 3304 Andreas
1896 3241 1958 3304 in
2029 3259 2139 3304 suo
2206 3258 2482 3305 reccessu
2543 3239 2617 3302 de
2677 3238 3032 3323 Hungaria;
3105 3246 3168 3306 et

436 3329 579 3412 quia
625 3348 727 3393 rex
774 3328 914 3392 vult
961 3327 1286 3392 veritatem
1333 3329 1557 3392 habere
1607 3328 1679 3392 de
1727 3330 1859 3404 hoc,
1932 3329 2093 3391 idem
2163 3329 2345 3391 homo
2408 3330 2623 3410 captus
2679 3330 2745 3391 et
2810 3328 3166 3412 detemptus

436 3420 532 3480 est
578 3416 641 3480 in
690 3416 882 3494 Buda,
933 3416 998 3479 et
1045 3434 1162 3479 non
1205 3418 1301 3479 est
1347 3416 1477 3480 sine
1524 3417 1784 3499 angonia
1819 3436 1939 3486 rex,
1989 3417 2177 3480 etlam
2214 3418 2469 3480 barones
2514 3417 2577 3479 et
2611 3417 2808 3479 mater
2841 3418 3021 3498 regis.
3074 3418 3167 3483 De

436 3504 682 3568 domino
740 3502 1129 3586 imperatore,
1175 3503 1421 3568 domiue
1470 3505 1576 3576 mi,
1625 3505 1809 3568 habui
1860 3523 1895 3567 a
1946 3503 2059 3567 fide
2108 3503 2298 3586 digna
2341 3521 2598 3586 persona
2646 3505 2709 3568 in
2746 3504 2959 3580 Viena,
3009 3506 3166 3588 quod

435 3592 599 3655 circa
645 3591 872 3655 festum
921 3595 1166 3673 pentem
1201 3596 1478 3655 constem
1525 3591 1707 3656 debet
1752 3611 1886 3655 esse
1961 3593 2021 3655 in
2078 3591 2485 3673 Norimbergo
2540 3593 2877 3656 maximum
2940 3593 3003 3656 et
3063 3612 3169 3657 no-

436 3678 627 3744 tabile
674 3679 1069 3761 colloquium,
1141 3679 1244 3742 ubi
1294 3679 1749 3761 presentialiter
1794 3699 1926 3743 esse
1975 3678 2178 3755 debet,
2232 3680 2309 3743 ad
2365 3678 2526 3761 quod
2576 3683 2637 3740 et
2685 3698 2871 3762 quare
2929 3679 3168 3744 dictum

437 3766 810 3849 colloquium
875 3766 1266 3838 cellebratur,
1332 3767 1552 3831 durum
1611 3770 1706 3831 est
1752 3767 1925 3838 scire,
1988 3785 2132 3830 nam
2196 3767 2351 3830 tales
2410 3767 2642 3830 domini
2690 3767 2906 3830 dicunt
2951 3769 3012 3829 et
3060 3766 3166 3831 de-

439 3856 791 3919 monstrant
852 3874 1065 3932 unum,
1130 3855 1192 3918 et
1252 3853 1485 3918 faciunt
1548 3854 1761 3919 alliud.
1827 3853 1936 3918 Set
1999 3856 2070 3917 ut
2126 3853 2294 3917 dicta
2361 3873 2617 3934 persona.
2663 3854 2890 3916 sentire
2938 3855 3169 3935 potest,

442 3941 573 4025 ipse
622 3943 866 4008 vocavit
895 3942 1131 4006 dictum
1169 3941 1538 4024 colloquium
1573 3943 1888 4006 occasione
1922 3941 2337 4022 usurpationis
2373 3942 2599 4005 iurium
2649 3939 2912 4021 imperii.
2962 3940 3168 4006 Habui

440 4030 636 4093 eciam
683 4030 762 4093 ab
832 4031 957 4094 alia
1003 4047 1283 4112 persona,
1351 4030 1511 4112 quod
1568 4031 1807 4110 oportet
1869 4029 2037 4094 vobis
2101 4029 2323 4093 habere
2390 4028 2611 4091 bonam
2680 4032 2743 4091 et
2803 4026 3166 4109 diligentem

435 4118 778 4182 custodiam
843 4119 915 4182 de
976 4117 1109 4181 loco
1171 4119 1376 4180 vestro
1441 4116 1795 4200 Coneglani.
1849 4117 2109 4180 Domine
2174 4116 2279 4191 mi,
2342 4115 2506 4179 sicut
2549 4114 2761 4193 habe0,
2813 4113 2900 4178 ita
2947 4116 3167 4180 scribo.

436 4204 555 4268 Die
602 4208 809 4270 autem
859 4206 1131 4270 crastina
1190 4224 1434 4269 summo
1479 4223 1677 4281 mane,
1725 4208 1834 4268 deo
1885 4205 2085 4281 dante,
2136 4205 2281 4287 quia
2327 4202 2466 4285 equi
2516 4203 2637 4265 mei
2686 4203 2832 4266 sunt
2891 4199 3168 4267 claudati

435 4293 498 4355 et
543 4290 709 4370 fessi,
755 4294 818 4357 et
864 4311 981 4357 non
1029 4293 1288 4375 possunt
1332 4293 1628 4374 peditare,
1675 4291 1993 4356 reccedam
2041 4293 2114 4355 de
2162 4292 2304 4355 hinc
2352 4309 2493 4355 cum
2542 4308 2663 4353 nna
2709 4308 2880 4368 nave,
2931 4290 3164 4356 icturus

434 4398 542 4461 per
589 4378 942 4445 Danubium
989 4399 1181 4462 usque
1231 4379 1659 4462 Visegmdum,
1722 4379 1829 4442 ubi
1876 4383 1969 4443 est
2016 4379 2300 4443 domiuus
2348 4397 2472 4456 rer,
2539 4380 2609 4441 ut
2670 4378 2886 4455 fertur,
2952 4380 3015 4442 et
3075 4378 3170 4444 fa-

437 4466 597 4532 ciam
647 4469 777 4533 toto
819 4486 994 4551 posse
1040 4470 1115 4532 de
1160 4467 1551 4550 adimplendo
1601 4468 1872 4531 vestram
1921 4465 2348 4531 intentiOnem.

648 4573 782 4639 Iam
832 4593 972 4640 vero
1019 4574 1269 4639 scribtis
1333 4573 1739 4655 presentibuS,
1805 4591 1913 4654 per
1974 4571 2322 4636 Dionisium
2382 4572 2673 4636 nuncium
2732 4574 2796 4636 et
2857 4590 3172 4647 cursorem

438 4663 712 4727 vestrum
761 4661 1005 4726 litteras
1056 4661 1507 4745 magnitudinis
1556 4662 1760 4725 vestre
1808 4658 2052 4742 suscepi
2100 4679 2241 4724 cum
2288 4658 2644 4723 interclusis
2692 4659 2922 4724 litteris
2985 4659 3171 4723 Nico·

443 4749 552 4815 leti
599 4749 924 4829 Lonatin0,
972 4750 1048 4814 ad
1111 4766 1262 4832 quas
1326 4767 1467 4813 cum
1527 4747 1634 4812 illa
1695 4747 2062 4824 reverencia,
2128 4764 2249 4829 qua
2311 4747 2536 4825 teneor,
2602 4747 2952 4828 respondeo,
3016 4745 3173 4828 quod

2494 4849 2499 4854 “
2720 4849 2756 4891 *
