<?xml version="1.0" encoding="UTF-8"?>
<!DOCTYPE html PUBLIC "-//W3C//DTD XHTML 1.0 Transitional//EN"
    "http://www.w3.org/TR/xhtml1/DTD/xhtml1-transitional.dtd">
<html xmlns="http://www.w3.org/1999/xhtml" xml:lang="en" lang="en">
 <head>
  <title>
</title>
<meta http-equiv="Content-Type" content="text/html;charset=utf-8" />
  <meta name='ocr-system' content='tesseract 3.04.00' />
  <meta name='ocr-capabilities' content='ocr_page ocr_carea ocr_par ocr_line ocrx_word'/>
</head>
<body>
  <div class='ocr_page' id='page_1' title='image "./monumentaspecta02umjegoog_0892.png"; bbox 0 0 3620 5282; ppageno 0'>
   <div class='ocr_carea' id='block_1_1' title="bbox 512 309 642 374">
    <p class='ocr_par' dir='ltr' id='par_1_1' title="bbox 512 309 642 374">
     <span class='ocr_line' id='line_1_1' title="bbox 512 309 642 374; baseline 0 -1"><span class='ocrx_word' id='word_1_1' title='bbox 512 309 642 374; x_wconf 86' lang='lat'>334</span> 
     </span>
    </p>
   </div>
   <div class='ocr_carea' id='block_1_2' title="bbox 517 479 3238 743">
    <p class='ocr_par' dir='ltr' id='par_1_2' title="bbox 517 479 3238 743">
     <span class='ocr_line' id='line_1_2' title="bbox 721 479 3238 565; baseline -0.002 -16"><span class='ocrx_word' id='word_1_2' title='bbox 721 486 802 549; x_wconf 84' lang='lat' dir='ltr'>Et</span> <span class='ocrx_word' id='word_1_3' title='bbox 850 484 1070 549; x_wconf 87' lang='lat' dir='ltr'>habita</span> <span class='ocrx_word' id='word_1_4' title='bbox 1113 483 1508 565; x_wconf 80' lang='lat' dir='ltr'>responsione</span> <span class='ocrx_word' id='word_1_5' title='bbox 1554 483 1745 564; x_wconf 89' lang='lat' dir='ltr'>ipsius</span> <span class='ocrx_word' id='word_1_6' title='bbox 1792 482 2021 546; x_wconf 91' lang='lat' dir='ltr'>domini</span> <span class='ocrx_word' id='word_1_7' title='bbox 2070 482 2488 565; x_wconf 82' lang='lat' dir='ltr'>imperatoriS,</span> <span class='ocrx_word' id='word_1_8' title='bbox 2537 482 2801 547; x_wconf 87' lang='lat' dir='ltr'>debeant</span> <span class='ocrx_word' id='word_1_9' title='bbox 2848 499 2959 547; x_wconf 89' lang='lat' dir='ltr'>nos</span> <span class='ocrx_word' id='word_1_10' title='bbox 2991 479 3066 545; x_wconf 86' lang='lat' dir='ltr'>de</span> <span class='ocrx_word' id='word_1_11' title='bbox 3115 479 3238 544; x_wconf 84' lang='lat' dir='ltr'>illa</span> 
     </span>
     <span class='ocr_line' id='line_1_3' title="bbox 517 570 3238 654; baseline -0.002 -16"><span class='ocrx_word' id='word_1_12' title='bbox 517 576 581 638; x_wconf 88' lang='lat' dir='ltr'>et</span> <span class='ocrx_word' id='word_1_13' title='bbox 629 574 700 637; x_wconf 92' lang='lat' dir='ltr'>de</span> <span class='ocrx_word' id='word_1_14' title='bbox 746 574 882 637; x_wconf 90' lang='lat' dir='ltr'>aliis</span> <span class='ocrx_word' id='word_1_15' title='bbox 930 573 1216 637; x_wconf 88' lang='lat' dir='ltr'>omnibus</span> <span class='ocrx_word' id='word_1_16' title='bbox 1264 571 1721 654; x_wconf 77' lang='lat' dir='ltr'>particulariter</span> <span class='ocrx_word' id='word_1_17' title='bbox 1771 570 2120 649; x_wconf 84' lang='lat' dir='ltr'>informare,</span> <span class='ocrx_word' id='word_1_18' title='bbox 2172 573 2241 635; x_wconf 91' lang='lat' dir='ltr'>ut</span> <span class='ocrx_word' id='word_1_19' title='bbox 2287 571 2482 635; x_wconf 91' lang='lat' dir='ltr'>simus</span> <span class='ocrx_word' id='word_1_20' title='bbox 2529 571 2602 633; x_wconf 91' lang='lat' dir='ltr'>de</span> <span class='ocrx_word' id='word_1_21' title='bbox 2643 571 2927 634; x_wconf 89' lang='lat' dir='ltr'>omnibus</span> <span class='ocrx_word' id='word_1_22' title='bbox 2976 570 3238 634; x_wconf 85' lang='lat' dir='ltr'>avisati.</span> 
     </span>
     <span class='ocr_line' id='line_1_4' title="bbox 517 659 1918 743; baseline -0.004 -16"><span class='ocrx_word' id='word_1_23' title='bbox 517 664 611 727; x_wconf 95' lang='lat' dir='ltr'>De</span> <span class='ocrx_word' id='word_1_24' title='bbox 658 664 828 743; x_wconf 90' lang='lat' dir='ltr'>parte</span> <span class='ocrx_word' id='word_1_25' title='bbox 875 662 979 739; x_wconf 80' lang='lat'>64,</span> <span class='ocrx_word' id='word_1_26' title='bbox 1029 663 1102 724; x_wconf 92' lang='lat' dir='ltr'>de</span> <span class='ocrx_word' id='word_1_27' title='bbox 1150 679 1265 724; x_wconf 91' lang='lat' dir='ltr'>non</span> <span class='ocrx_word' id='word_1_28' title='bbox 1321 661 1379 737; x_wconf 88' lang='lat'>1,</span> <span class='ocrx_word' id='word_1_29' title='bbox 1426 680 1544 724; x_wconf 92' lang='lat' dir='ltr'>non</span> <span class='ocrx_word' id='word_1_30' title='bbox 1594 660 1817 723; x_wconf 80' lang='lat' dir='ltr'>sinceri</span> <span class='ocrx_word' id='word_1_31' title='bbox 1856 659 1918 722; x_wconf 86' lang='lat'>3.</span> 
     </span>
    </p>
   </div>
   <div class='ocr_carea' id='block_1_3' title="bbox 600 769 2018 843">
    <p class='ocr_par' dir='ltr' id='par_1_3' title="bbox 600 769 2018 843">
     <span class='ocr_line' id='line_1_5' title="bbox 600 769 2018 843; baseline -0.003 -13"><span class='ocrx_word' id='word_1_32' title='bbox 600 769 758 830; x_wconf 72' lang='lat' dir='ltr'>Scor.</span> <span class='ocrx_word' id='word_1_33' title='bbox 811 769 983 830; x_wconf 71' lang='lat' dir='ltr'>Com.</span> <span class='ocrx_word' id='word_1_34' title='bbox 1032 769 1178 843; x_wconf 79' lang='lat' dir='ltr'>Roy.</span> <span class='ocrx_word' id='word_1_35' title='bbox 1228 769 1303 828; x_wconf 83' lang='lat' dir='ltr'>R.</span> <span class='ocrx_word' id='word_1_36' title='bbox 1350 770 1452 836; x_wconf 85' lang='lat'>93,</span> <span class='ocrx_word' id='word_1_37' title='bbox 1496 787 1537 827; x_wconf 81' lang='lat' dir='ltr'><em>u</em></span> <span class='ocrx_word' id='word_1_38' title='bbox 1583 769 1735 827; x_wconf 82' lang='lat' dir='ltr'>mlet.</span> <span class='ocrx_word' id='word_1_39' title='bbox 1782 769 2018 826; x_wconf 81' lang='lat' dir='ltr'>arkivu.</span> 
     </span>
    </p>
   </div>
   <div class='ocr_carea' id='block_1_4' title="bbox 712 1027 3042 1247">
    <p class='ocr_par' dir='ltr' id='par_1_4' title="bbox 712 1027 3042 1247">
     <span class='ocr_line' id='line_1_6' title="bbox 712 1027 3042 1127; baseline -0.006 -14"><span class='ocrx_word' id='word_1_40' title='bbox 712 1029 1343 1113; x_wconf 79' lang='lat' dir='ltr'>CCGCLXXIV.</span> <span class='ocrx_word' id='word_1_41' title='bbox 1400 1028 1599 1111; x_wconf 61' lang='grc' dir='ltr'>θοὰ.</span> <span class='ocrx_word' id='word_1_42' title='bbox 1657 1028 1879 1112; x_wconf 80' lang='grc'><strong>1394.</strong></span> <span class='ocrx_word' id='word_1_43' title='bbox 1934 1030 1991 1111; x_wconf 83' lang='grc'>4</span> <span class='ocrx_word' id='word_1_44' title='bbox 2042 1028 2489 1127; x_wconf 68' lang='grc' dir='ltr'><strong>ΚοΙονοΖει,</strong></span> <span class='ocrx_word' id='word_1_45' title='bbox 2544 1051 2603 1110; x_wconf 83' lang='grc' dir='ltr'>ιι</span> <span class='ocrx_word' id='word_1_46' title='bbox 2657 1027 3042 1110; x_wconf 81' lang='lat' dir='ltr'>Mletcih.</span> 
     </span>
     <span class='ocr_line' id='line_1_7' title="bbox 1296 1173 2436 1247; baseline -0.002 -13"><span class='ocrx_word' id='word_1_47' title='bbox 1296 1175 1589 1247; x_wconf 75' lang='lat' dir='ltr'>Napatak</span> <span class='ocrx_word' id='word_1_48' title='bbox 1633 1191 1707 1233; x_wconf 64' lang='lat' dir='ltr'>za</span> <span class='ocrx_word' id='word_1_49' title='bbox 1751 1175 2066 1232; x_wconf 67' lang='lat' dir='ltr'>kaseezana</span> <span class='ocrx_word' id='word_1_50' title='bbox 2103 1173 2436 1247; x_wconf 64' lang='lat' dir='ltr'>Draekoqa.</span> 
     </span>
    </p>
   </div>
   <div class='ocr_carea' id='block_1_5' title="bbox 514 1292 3232 4820">
    <p class='ocr_par' dir='ltr' id='par_1_5' title="bbox 514 1292 3223 1890">
     <span class='ocr_line' id='line_1_8' title="bbox 727 1292 3223 1379; baseline 0 -20"><span class='ocrx_word' id='word_1_51' title='bbox 727 1293 909 1359; x_wconf 84' lang='lat'>1394.</span> <span class='ocrx_word' id='word_1_52' title='bbox 974 1296 1068 1359; x_wconf 90' lang='lat' dir='ltr'>die</span> <span class='ocrx_word' id='word_1_53' title='bbox 1111 1295 1219 1359; x_wconf 88' lang='lat' dir='ltr'>IV.</span> <span class='ocrx_word' id='word_1_54' title='bbox 1267 1294 1534 1379; x_wconf 88' lang='lat' dir='ltr'>augusti,</span> <span class='ocrx_word' id='word_1_55' title='bbox 1581 1293 1911 1358; x_wconf 80' lang='lat' dir='ltr'>indictione</span> <span class='ocrx_word' id='word_1_56' title='bbox 1959 1296 2040 1359; x_wconf 93' lang='grc' dir='ltr'>ΙΙ.</span> <span class='ocrx_word' id='word_1_57' title='bbox 2089 1293 2406 1376; x_wconf 85' lang='lat' dir='ltr'>Sapientes</span> <span class='ocrx_word' id='word_1_58' title='bbox 2453 1292 2757 1360; x_wconf 90' lang='lat' dir='ltr'>ordinum.</span> <span class='ocrx_word' id='word_1_59' title='bbox 2806 1292 3029 1376; x_wconf 85' lang='lat' dir='ltr'>Capta:</span> <span class='ocrx_word' id='word_1_60' title='bbox 3078 1313 3223 1359; x_wconf 89' lang='lat' dir='ltr'>cum</span> 
     </span>
     <span class='ocr_line' id='line_1_9' title="bbox 514 1382 3220 1465; baseline -0.001 -17"><span class='ocrx_word' id='word_1_61' title='bbox 514 1384 666 1449; x_wconf 85' lang='lat' dir='ltr'>alias</span> <span class='ocrx_word' id='word_1_62' title='bbox 711 1387 958 1465; x_wconf 89' lang='lat' dir='ltr'>captum</span> <span class='ocrx_word' id='word_1_63' title='bbox 988 1383 1180 1448; x_wconf 88' lang='lat' dir='ltr'>fuerit</span> <span class='ocrx_word' id='word_1_64' title='bbox 1225 1385 1285 1448; x_wconf 91' lang='lat' dir='ltr'>in</span> <span class='ocrx_word' id='word_1_65' title='bbox 1310 1384 1425 1447; x_wconf 88' lang='lat' dir='ltr'>boc</span> <span class='ocrx_word' id='word_1_66' title='bbox 1450 1382 1724 1462; x_wconf 86' lang='lat' dir='ltr'>consilio,</span> <span class='ocrx_word' id='word_1_67' title='bbox 1759 1384 1918 1465; x_wconf 87' lang='lat' dir='ltr'>quod</span> <span class='ocrx_word' id='word_1_68' title='bbox 1953 1383 2322 1447; x_wconf 88' lang='lat' dir='ltr'>castellanus</span> <span class='ocrx_word' id='word_1_69' title='bbox 2355 1382 2650 1447; x_wconf 88' lang='lat' dir='ltr'>Durachii</span> <span class='ocrx_word' id='word_1_70' title='bbox 2684 1382 3044 1464; x_wconf 89' lang='lat' dir='ltr'>elligeretur</span> <span class='ocrx_word' id='word_1_71' title='bbox 3076 1400 3220 1447; x_wconf 91' lang='lat' dir='ltr'>cum</span> 
     </span>
     <span class='ocr_line' id='line_1_10' title="bbox 514 1470 3223 1554; baseline -0.001 -17"><span class='ocrx_word' id='word_1_72' title='bbox 514 1475 735 1537; x_wconf 88' lang='lat' dir='ltr'>salario</span> <span class='ocrx_word' id='word_1_73' title='bbox 780 1472 1077 1537; x_wconf 90' lang='lat' dir='ltr'>librarum</span> <span class='ocrx_word' id='word_1_74' title='bbox 1124 1470 1245 1535; x_wconf 90' lang='lat' dir='ltr'>XX</span> <span class='ocrx_word' id='word_1_75' title='bbox 1290 1490 1637 1554; x_wconf 89' lang='lat' dir='ltr'>grossorum</span> <span class='ocrx_word' id='word_1_76' title='bbox 1689 1472 1750 1534; x_wconf 92' lang='lat' dir='ltr'>in</span> <span class='ocrx_word' id='word_1_77' title='bbox 1799 1490 1956 1535; x_wconf 87' lang='lat' dir='ltr'>anno</span> <span class='ocrx_word' id='word_1_78' title='bbox 2003 1477 2067 1534; x_wconf 87' lang='lat' dir='ltr'>et</span> <span class='ocrx_word' id='word_1_79' title='bbox 2115 1491 2254 1535; x_wconf 92' lang='lat' dir='ltr'>cum</span> <span class='ocrx_word' id='word_1_80' title='bbox 2292 1472 2720 1536; x_wconf 84' lang='lat' dir='ltr'>commissione</span> <span class='ocrx_word' id='word_1_81' title='bbox 2783 1475 2849 1534; x_wconf 90' lang='lat' dir='ltr'>et</span> <span class='ocrx_word' id='word_1_82' title='bbox 2893 1470 3034 1535; x_wconf 88' lang='lat' dir='ltr'>aliis</span> <span class='ocrx_word' id='word_1_83' title='bbox 3076 1490 3223 1536; x_wconf 91' lang='lat' dir='ltr'>con-</span> 
     </span>
     <span class='ocr_line' id='line_1_11' title="bbox 515 1559 3219 1642; baseline -0 -17"><span class='ocrx_word' id='word_1_84' title='bbox 515 1560 872 1638; x_wconf 84' lang='lat' dir='ltr'>ditionibuS,</span> <span class='ocrx_word' id='word_1_85' title='bbox 922 1579 1060 1624; x_wconf 90' lang='lat' dir='ltr'>cum</span> <span class='ocrx_word' id='word_1_86' title='bbox 1111 1560 1331 1642; x_wconf 91' lang='lat' dir='ltr'>quibus</span> <span class='ocrx_word' id='word_1_87' title='bbox 1401 1562 1498 1623; x_wconf 90' lang='lat' dir='ltr'>est</span> <span class='ocrx_word' id='word_1_88' title='bbox 1566 1559 1689 1638; x_wconf 86' lang='lat' dir='ltr'>ille,</span> <span class='ocrx_word' id='word_1_89' title='bbox 1754 1560 1861 1641; x_wconf 90' lang='lat' dir='ltr'>qui</span> <span class='ocrx_word' id='word_1_90' title='bbox 1933 1561 2007 1622; x_wconf 87' lang='lat' dir='ltr'>ad</span> <span class='ocrx_word' id='word_1_91' title='bbox 2077 1579 2326 1642; x_wconf 86' lang='lat' dir='ltr'>presens</span> <span class='ocrx_word' id='word_1_92' title='bbox 2391 1563 2486 1624; x_wconf 87' lang='lat' dir='ltr'>est</span> <span class='ocrx_word' id='word_1_93' title='bbox 2553 1559 2802 1636; x_wconf 84' lang='lat' dir='ltr'>ibidem,</span> <span class='ocrx_word' id='word_1_94' title='bbox 2872 1559 3219 1624; x_wconf 85' lang='lat' dir='ltr'>examinata</span> 
     </span>
     <span class='ocr_line' id='line_1_12' title="bbox 515 1646 3220 1732; baseline -0.001 -17"><span class='ocrx_word' id='word_1_95' title='bbox 515 1649 882 1715; x_wconf 86' lang='lat' dir='ltr'>comissione</span> <span class='ocrx_word' id='word_1_96' title='bbox 929 1667 1028 1713; x_wconf 88' lang='lat' dir='ltr'>ser</span> <span class='ocrx_word' id='word_1_97' title='bbox 1076 1648 1257 1712; x_wconf 89' lang='lat' dir='ltr'>Pauli</span> <span class='ocrx_word' id='word_1_98' title='bbox 1303 1650 1375 1712; x_wconf 91' lang='lat' dir='ltr'>de</span> <span class='ocrx_word' id='word_1_99' title='bbox 1422 1646 1654 1715; x_wconf 81' lang='lat' dir='ltr'>Canali,</span> <span class='ocrx_word' id='word_1_100' title='bbox 1700 1648 1803 1729; x_wconf 91' lang='lat' dir='ltr'>qui</span> <span class='ocrx_word' id='word_1_101' title='bbox 1846 1646 1977 1732; x_wconf 86' lang='lat' dir='ltr'>illic</span> <span class='ocrx_word' id='word_1_102' title='bbox 2023 1652 2137 1722; x_wconf 87' lang='lat' dir='ltr'>est,</span> <span class='ocrx_word' id='word_1_103' title='bbox 2188 1651 2250 1711; x_wconf 92' lang='lat' dir='ltr'>et</span> <span class='ocrx_word' id='word_1_104' title='bbox 2297 1647 2726 1711; x_wconf 88' lang='lat' dir='ltr'>commissione</span> <span class='ocrx_word' id='word_1_105' title='bbox 2771 1647 2962 1712; x_wconf 88' lang='lat' dir='ltr'>baiuli</span> <span class='ocrx_word' id='word_1_106' title='bbox 3009 1650 3074 1713; x_wconf 90' lang='lat' dir='ltr'>et</span> <span class='ocrx_word' id='word_1_107' title='bbox 3119 1665 3220 1712; x_wconf 85' lang='lat' dir='ltr'>ca-</span> 
     </span>
     <span class='ocr_line' id='line_1_13' title="bbox 518 1736 3217 1820; baseline -0.001 -18"><span class='ocrx_word' id='word_1_108' title='bbox 518 1739 713 1820; x_wconf 88' lang='lat' dir='ltr'>pitani</span> <span class='ocrx_word' id='word_1_109' title='bbox 754 1737 1067 1816; x_wconf 89' lang='lat' dir='ltr'>Durachii,</span> <span class='ocrx_word' id='word_1_110' title='bbox 1108 1737 1317 1819; x_wconf 87' lang='lat' dir='ltr'>aliqua</span> <span class='ocrx_word' id='word_1_111' title='bbox 1361 1738 1487 1800; x_wconf 85' lang='lat' dir='ltr'>sint</span> <span class='ocrx_word' id='word_1_112' title='bbox 1532 1737 1892 1816; x_wconf 86' lang='lat' dir='ltr'>corrigenda</span> <span class='ocrx_word' id='word_1_113' title='bbox 1937 1741 2000 1799; x_wconf 94' lang='lat' dir='ltr'>et</span> <span class='ocrx_word' id='word_1_114' title='bbox 2046 1736 2353 1810; x_wconf 85' lang='lat' dir='ltr'>addenda;</span> <span class='ocrx_word' id='word_1_115' title='bbox 2426 1737 2597 1800; x_wconf 88' lang='lat' dir='ltr'>vadit</span> <span class='ocrx_word' id='word_1_116' title='bbox 2665 1753 2832 1819; x_wconf 80' lang='lat' dir='ltr'>parS,</span> <span class='ocrx_word' id='word_1_117' title='bbox 2897 1738 3057 1819; x_wconf 89' lang='lat' dir='ltr'>quod</span> <span class='ocrx_word' id='word_1_118' title='bbox 3105 1736 3217 1800; x_wconf 87' lang='lat' dir='ltr'>fiat</span> 
     </span>
     <span class='ocr_line' id='line_1_14' title="bbox 516 1824 2401 1890; baseline -0.002 0"><span class='ocrx_word' id='word_1_119' title='bbox 516 1825 857 1890; x_wconf 89' lang='lat' dir='ltr'>commissio</span> <span class='ocrx_word' id='word_1_120' title='bbox 904 1825 1238 1888; x_wconf 84' lang='lat' dir='ltr'>castellano</span> <span class='ocrx_word' id='word_1_121' title='bbox 1285 1824 1444 1889; x_wconf 90' lang='lat' dir='ltr'>ituro</span> <span class='ocrx_word' id='word_1_122' title='bbox 1490 1824 1868 1888; x_wconf 90' lang='lat' dir='ltr'>Durachium</span> <span class='ocrx_word' id='word_1_123' title='bbox 1918 1825 1977 1887; x_wconf 93' lang='lat' dir='ltr'>in</span> <span class='ocrx_word' id='word_1_124' title='bbox 2026 1824 2141 1888; x_wconf 82' lang='lat' dir='ltr'>hac</span> <span class='ocrx_word' id='word_1_125' title='bbox 2188 1824 2401 1888; x_wconf 81' lang='lat' dir='ltr'>forma.</span> 
     </span>
    </p>

    <p class='ocr_par' dir='ltr' id='par_1_6' title="bbox 514 1912 3220 2616">
     <span class='ocr_line' id='line_1_15' title="bbox 725 1912 3210 1994; baseline -0.001 -16"><span class='ocrx_word' id='word_1_126' title='bbox 725 1914 849 1978; x_wconf 90' lang='lat' dir='ltr'>Nos</span> <span class='ocrx_word' id='word_1_127' title='bbox 895 1912 1199 1977; x_wconf 86' lang='lat' dir='ltr'>Antonius</span> <span class='ocrx_word' id='word_1_128' title='bbox 1244 1912 1505 1976; x_wconf 88' lang='lat' dir='ltr'>Venerio</span> <span class='ocrx_word' id='word_1_129' title='bbox 1548 1912 1645 1976; x_wconf 88' lang='lat' dir='ltr'>dei</span> <span class='ocrx_word' id='word_1_130' title='bbox 1690 1912 1896 1994; x_wconf 88' lang='lat' dir='ltr'>gratia</span> <span class='ocrx_word' id='word_1_131' title='bbox 1942 1914 2063 1976; x_wconf 83' lang='lat' dir='ltr'>dux</span> <span class='ocrx_word' id='word_1_132' title='bbox 2131 1913 2527 1977; x_wconf 79' lang='lat' dir='ltr'>venetiarum</span> <span class='ocrx_word' id='word_1_133' title='bbox 2590 1913 2707 1990; x_wconf 88' lang='lat' dir='ltr'>etc,</span> <span class='ocrx_word' id='word_1_134' title='bbox 2758 1913 3210 1977; x_wconf 88' lang='lat' dir='ltr'>committimus</span> 
     </span>
     <span class='ocr_line' id='line_1_16' title="bbox 516 2000 3216 2084; baseline -0.001 -17"><span class='ocrx_word' id='word_1_135' title='bbox 516 2003 627 2067; x_wconf 89' lang='lat' dir='ltr'>tibi</span> <span class='ocrx_word' id='word_1_136' title='bbox 677 2001 870 2067; x_wconf 92' lang='lat' dir='ltr'>nobili</span> <span class='ocrx_word' id='word_1_137' title='bbox 917 2002 1047 2066; x_wconf 88' lang='lat' dir='ltr'>viro</span> <span class='ocrx_word' id='word_1_138' title='bbox 1095 2001 1327 2066; x_wconf 87' lang='lat' dir='ltr'>Victori</span> <span class='ocrx_word' id='word_1_139' title='bbox 1376 2000 1700 2084; x_wconf 84' lang='lat' dir='ltr'>Delphyne</span> <span class='ocrx_word' id='word_1_140' title='bbox 1743 2000 1963 2064; x_wconf 89' lang='lat' dir='ltr'>dilecto</span> <span class='ocrx_word' id='word_1_141' title='bbox 2013 2001 2132 2065; x_wconf 84' lang='lat' dir='ltr'>civi</span> <span class='ocrx_word' id='word_1_142' title='bbox 2180 2004 2244 2064; x_wconf 91' lang='lat' dir='ltr'>et</span> <span class='ocrx_word' id='word_1_143' title='bbox 2290 2001 2452 2064; x_wconf 88' lang='lat' dir='ltr'>fideli</span> <span class='ocrx_word' id='word_1_144' title='bbox 2503 2000 2726 2077; x_wconf 89' lang='lat' dir='ltr'>nostro,</span> <span class='ocrx_word' id='word_1_145' title='bbox 2771 2002 2930 2083; x_wconf 88' lang='lat' dir='ltr'>quod</span> <span class='ocrx_word' id='word_1_146' title='bbox 2966 2000 3041 2064; x_wconf 88' lang='lat' dir='ltr'>de</span> <span class='ocrx_word' id='word_1_147' title='bbox 3074 2019 3216 2065; x_wconf 90' lang='lat' dir='ltr'>nos-</span> 
     </span>
     <span class='ocr_line' id='line_1_17' title="bbox 514 2088 3215 2170; baseline -0.001 -14"><span class='ocrx_word' id='word_1_148' title='bbox 514 2097 642 2157; x_wconf 89' lang='lat' dir='ltr'>stro</span> <span class='ocrx_word' id='word_1_149' title='bbox 688 2091 977 2154; x_wconf 86' lang='lat' dir='ltr'>mandato</span> <span class='ocrx_word' id='word_1_150' title='bbox 1026 2090 1208 2153; x_wconf 86' lang='lat' dir='ltr'>vadas</span> <span class='ocrx_word' id='word_1_151' title='bbox 1257 2090 1632 2153; x_wconf 82' lang='lat' dir='ltr'>castellanus</span> <span class='ocrx_word' id='word_1_152' title='bbox 1680 2090 1869 2152; x_wconf 86' lang='lat' dir='ltr'>castri</span> <span class='ocrx_word' id='word_1_153' title='bbox 1915 2088 2213 2153; x_wconf 82' lang='lat' dir='ltr'>Durachii</span> <span class='ocrx_word' id='word_1_154' title='bbox 2264 2108 2364 2170; x_wconf 90' lang='lat' dir='ltr'>per</span> <span class='ocrx_word' id='word_1_155' title='bbox 2408 2088 2560 2154; x_wconf 89' lang='lat' dir='ltr'>duos</span> <span class='ocrx_word' id='word_1_156' title='bbox 2607 2108 2813 2167; x_wconf 89' lang='lat' dir='ltr'>annos,</span> <span class='ocrx_word' id='word_1_157' title='bbox 2863 2092 2928 2153; x_wconf 87' lang='lat' dir='ltr'>et</span> <span class='ocrx_word' id='word_1_158' title='bbox 2969 2090 3215 2154; x_wconf 89' lang='lat' dir='ltr'>tantum</span> 
     </span>
     <span class='ocr_line' id='line_1_18' title="bbox 518 2177 3216 2264; baseline -0.001 -20"><span class='ocrx_word' id='word_1_159' title='bbox 518 2181 675 2264; x_wconf 79' lang='lat' dir='ltr'>pluS,</span> <span class='ocrx_word' id='word_1_160' title='bbox 719 2182 1016 2260; x_wconf 85' lang='lat' dir='ltr'>quantum</span> <span class='ocrx_word' id='word_1_161' title='bbox 1065 2196 1377 2242; x_wconf 82' lang='lat' dir='ltr'>successor</span> <span class='ocrx_word' id='word_1_162' title='bbox 1422 2181 1565 2241; x_wconf 89' lang='lat' dir='ltr'>tuus</span> <span class='ocrx_word' id='word_1_163' title='bbox 1610 2177 1775 2241; x_wconf 88' lang='lat' dir='ltr'>illuc</span> <span class='ocrx_word' id='word_1_164' title='bbox 1834 2178 2038 2241; x_wconf 89' lang='lat' dir='ltr'>venire</span> <span class='ocrx_word' id='word_1_165' title='bbox 2106 2177 2437 2257; x_wconf 81' lang='lat' dir='ltr'>distulerit,</span> <span class='ocrx_word' id='word_1_166' title='bbox 2504 2178 2660 2258; x_wconf 87' lang='lat' dir='ltr'>quod</span> <span class='ocrx_word' id='word_1_167' title='bbox 2729 2178 2999 2243; x_wconf 82' lang='lat' dir='ltr'>castrum</span> <span class='ocrx_word' id='word_1_168' title='bbox 3071 2196 3216 2242; x_wconf 91' lang='lat' dir='ltr'>cum</span> 
     </span>
     <span class='ocr_line' id='line_1_19' title="bbox 521 2265 3217 2348; baseline -0.001 -16"><span class='ocrx_word' id='word_1_169' title='bbox 521 2267 902 2341; x_wconf 81' lang='lat' dir='ltr'>ballistariiS,</span> <span class='ocrx_word' id='word_1_170' title='bbox 948 2284 1100 2348; x_wconf 86' lang='lat' dir='ltr'>quos</span> <span class='ocrx_word' id='word_1_171' title='bbox 1147 2266 1232 2330; x_wconf 91' lang='lat' dir='ltr'>ibi</span> <span class='ocrx_word' id='word_1_172' title='bbox 1285 2266 1560 2340; x_wconf 78' lang='lat' dir='ltr'>habebiS,</span> <span class='ocrx_word' id='word_1_173' title='bbox 1612 2265 1942 2347; x_wconf 87' lang='lat' dir='ltr'>diligenter</span> <span class='ocrx_word' id='word_1_174' title='bbox 2005 2266 2281 2329; x_wconf 90' lang='lat' dir='ltr'>custodis</span> <span class='ocrx_word' id='word_1_175' title='bbox 2352 2269 2416 2329; x_wconf 90' lang='lat' dir='ltr'>et</span> <span class='ocrx_word' id='word_1_176' title='bbox 2474 2265 2763 2344; x_wconf 88' lang='lat' dir='ltr'>salvabis,</span> <span class='ocrx_word' id='word_1_177' title='bbox 2834 2270 2896 2329; x_wconf 90' lang='lat' dir='ltr'>et</span> <span class='ocrx_word' id='word_1_178' title='bbox 2962 2268 3034 2330; x_wconf 89' lang='lat' dir='ltr'>de</span> <span class='ocrx_word' id='word_1_179' title='bbox 3082 2267 3217 2347; x_wconf 90' lang='lat' dir='ltr'>ipso</span> 
     </span>
     <span class='ocr_line' id='line_1_20' title="bbox 519 2352 3218 2436; baseline -0.001 -15"><span class='ocrx_word' id='word_1_180' title='bbox 519 2355 777 2422; x_wconf 86' lang='lat' dir='ltr'>habebis</span> <span class='ocrx_word' id='word_1_181' title='bbox 823 2356 887 2418; x_wconf 88' lang='lat' dir='ltr'>et</span> <span class='ocrx_word' id='word_1_182' title='bbox 931 2354 1140 2419; x_wconf 86' lang='lat' dir='ltr'>haberi</span> <span class='ocrx_word' id='word_1_183' title='bbox 1188 2354 1375 2418; x_wconf 88' lang='lat' dir='ltr'>facies</span> <span class='ocrx_word' id='word_1_184' title='bbox 1422 2355 1517 2417; x_wconf 91' lang='lat' dir='ltr'>die</span> <span class='ocrx_word' id='word_1_185' title='bbox 1566 2357 1869 2435; x_wconf 88' lang='lat' dir='ltr'>noctuque</span> <span class='ocrx_word' id='word_1_186' title='bbox 1916 2355 2140 2418; x_wconf 91' lang='lat' dir='ltr'>bonam</span> <span class='ocrx_word' id='word_1_187' title='bbox 2187 2359 2251 2418; x_wconf 88' lang='lat' dir='ltr'>et</span> <span class='ocrx_word' id='word_1_188' title='bbox 2299 2352 2664 2436; x_wconf 84' lang='lat' dir='ltr'>diligentem</span> <span class='ocrx_word' id='word_1_189' title='bbox 2713 2354 3076 2432; x_wconf 79' lang='lat' dir='ltr'>custodiam,</span> <span class='ocrx_word' id='word_1_190' title='bbox 3127 2356 3218 2418; x_wconf 85' lang='lat' dir='ltr'>ita</span> 
     </span>
     <span class='ocr_line' id='line_1_21' title="bbox 519 2441 3220 2529; baseline -0.001 -19"><span class='ocrx_word' id='word_1_191' title='bbox 519 2444 681 2529; x_wconf 86' lang='lat' dir='ltr'>quod</span> <span class='ocrx_word' id='word_1_192' title='bbox 730 2444 880 2508; x_wconf 89' lang='lat' dir='ltr'>bene</span> <span class='ocrx_word' id='word_1_193' title='bbox 927 2445 1338 2519; x_wconf 86' lang='lat' dir='ltr'>conservetur,</span> <span class='ocrx_word' id='word_1_194' title='bbox 1388 2441 1552 2507; x_wconf 89' lang='lat' dir='ltr'>sicut</span> <span class='ocrx_word' id='word_1_195' title='bbox 1594 2441 1669 2505; x_wconf 88' lang='lat' dir='ltr'>de</span> <span class='ocrx_word' id='word_1_196' title='bbox 1713 2460 1974 2524; x_wconf 88' lang='lat' dir='ltr'>persona</span> <span class='ocrx_word' id='word_1_197' title='bbox 2019 2446 2082 2507; x_wconf 90' lang='lat' dir='ltr'>et</span> <span class='ocrx_word' id='word_1_198' title='bbox 2128 2442 2431 2525; x_wconf 84' lang='lat' dir='ltr'>probitate</span> <span class='ocrx_word' id='word_1_199' title='bbox 2475 2448 2585 2506; x_wconf 89' lang='lat' dir='ltr'>tua</span> <span class='ocrx_word' id='word_1_200' title='bbox 2621 2443 2802 2525; x_wconf 86' lang='lat' dir='ltr'>plene</span> <span class='ocrx_word' id='word_1_201' title='bbox 2848 2442 3220 2507; x_wconf 87' lang='lat' dir='ltr'>confidimus</span> 
     </span>
     <span class='ocr_line' id='line_1_22' title="bbox 520 2538 961 2616; baseline -0.014 -18"><span class='ocrx_word' id='word_1_202' title='bbox 520 2538 583 2600; x_wconf 90' lang='lat' dir='ltr'>et</span> <span class='ocrx_word' id='word_1_203' title='bbox 627 2550 961 2616; x_wconf 90' lang='lat' dir='ltr'>speramus.</span> 
     </span>
    </p>

    <p class='ocr_par' dir='ltr' id='par_1_7' title="bbox 520 2617 3222 3143">
     <span class='ocr_line' id='line_1_23' title="bbox 728 2617 3222 2697; baseline -0.001 -12"><span class='ocrx_word' id='word_1_204' title='bbox 728 2620 808 2685; x_wconf 87' lang='lat' dir='ltr'>Et</span> <span class='ocrx_word' id='word_1_205' title='bbox 850 2637 972 2684; x_wconf 92' lang='lat' dir='ltr'>non</span> <span class='ocrx_word' id='word_1_206' title='bbox 1012 2620 1196 2685; x_wconf 90' lang='lat' dir='ltr'>debes</span> <span class='ocrx_word' id='word_1_207' title='bbox 1243 2619 1404 2683; x_wconf 88' lang='lat' dir='ltr'>exire</span> <span class='ocrx_word' id='word_1_208' title='bbox 1447 2620 1520 2684; x_wconf 92' lang='lat' dir='ltr'>de</span> <span class='ocrx_word' id='word_1_209' title='bbox 1563 2620 1763 2684; x_wconf 87' lang='lat' dir='ltr'>castro</span> <span class='ocrx_word' id='word_1_210' title='bbox 1838 2619 1957 2684; x_wconf 91' lang='lat' dir='ltr'>nisi</span> <span class='ocrx_word' id='word_1_211' title='bbox 2024 2618 2262 2683; x_wconf 90' lang='lat' dir='ltr'>duobus</span> <span class='ocrx_word' id='word_1_212' title='bbox 2324 2617 2538 2684; x_wconf 90' lang='lat' dir='ltr'>diebus</span> <span class='ocrx_word' id='word_1_213' title='bbox 2596 2620 2658 2683; x_wconf 92' lang='lat' dir='ltr'>in</span> <span class='ocrx_word' id='word_1_214' title='bbox 2722 2618 3084 2697; x_wconf 83' lang='lat' dir='ltr'>ebdomada,</span> <span class='ocrx_word' id='word_1_215' title='bbox 3153 2623 3222 2685; x_wconf 88' lang='lat' dir='ltr'>et</span> 
     </span>
     <span class='ocr_line' id='line_1_24' title="bbox 521 2706 3222 2792; baseline -0.001 -18"><span class='ocrx_word' id='word_1_216' title='bbox 521 2711 583 2774; x_wconf 93' lang='lat' dir='ltr'>in</span> <span class='ocrx_word' id='word_1_217' title='bbox 631 2710 757 2774; x_wconf 89' lang='lat' dir='ltr'>illis</span> <span class='ocrx_word' id='word_1_218' title='bbox 802 2707 1042 2773; x_wconf 86' lang='lat' dir='ltr'>tenebis</span> <span class='ocrx_word' id='word_1_219' title='bbox 1076 2708 1347 2784; x_wconf 90' lang='lat' dir='ltr'>modum,</span> <span class='ocrx_word' id='word_1_220' title='bbox 1384 2711 1542 2790; x_wconf 91' lang='lat' dir='ltr'>quod</span> <span class='ocrx_word' id='word_1_221' title='bbox 1573 2708 1692 2772; x_wconf 93' lang='lat' dir='ltr'>duo</span> <span class='ocrx_word' id='word_1_222' title='bbox 1729 2708 1933 2792; x_wconf 88' lang='lat' dir='ltr'>capita</span> <span class='ocrx_word' id='word_1_223' title='bbox 1965 2706 2473 2787; x_wconf 87' lang='lat' dir='ltr'>ballistariorum,</span> <span class='ocrx_word' id='word_1_224' title='bbox 2507 2727 2622 2791; x_wconf 92' lang='lat' dir='ltr'>que</span> <span class='ocrx_word' id='word_1_225' title='bbox 2655 2706 2742 2772; x_wconf 92' lang='lat' dir='ltr'>ibi</span> <span class='ocrx_word' id='word_1_226' title='bbox 2774 2710 2937 2786; x_wconf 86' lang='lat' dir='ltr'>sunt,</span> <span class='ocrx_word' id='word_1_227' title='bbox 2970 2727 3222 2790; x_wconf 88' lang='lat' dir='ltr'>semper</span> 
     </span>
     <span class='ocr_line' id='line_1_25' title="bbox 520 2796 3216 2881; baseline -0.001 -19"><span class='ocrx_word' id='word_1_228' title='bbox 520 2800 758 2881; x_wconf 90' lang='lat' dir='ltr'>quando</span> <span class='ocrx_word' id='word_1_229' title='bbox 807 2797 1000 2860; x_wconf 86' lang='lat' dir='ltr'>exibis</span> <span class='ocrx_word' id='word_1_230' title='bbox 1048 2800 1404 2862; x_wconf 88' lang='lat' dir='ltr'>remaneant</span> <span class='ocrx_word' id='word_1_231' title='bbox 1452 2797 1511 2860; x_wconf 90' lang='lat' dir='ltr'>in</span> <span class='ocrx_word' id='word_1_232' title='bbox 1587 2798 1790 2860; x_wconf 86' lang='lat' dir='ltr'>castro</span> <span class='ocrx_word' id='word_1_233' title='bbox 1858 2814 1967 2879; x_wconf 91' lang='lat' dir='ltr'>pro</span> <span class='ocrx_word' id='word_1_234' title='bbox 2036 2797 2193 2861; x_wconf 89' lang='lat' dir='ltr'>bona</span> <span class='ocrx_word' id='word_1_235' title='bbox 2255 2796 2533 2860; x_wconf 88' lang='lat' dir='ltr'>custodia</span> <span class='ocrx_word' id='word_1_236' title='bbox 2599 2796 2818 2878; x_wconf 88' lang='lat' dir='ltr'>ipsius.</span> <span class='ocrx_word' id='word_1_237' title='bbox 2910 2797 3216 2861; x_wconf 90' lang='lat' dir='ltr'>Volumus</span> 
     </span>
     <span class='ocr_line' id='line_1_26' title="bbox 522 2884 3219 2975; baseline -0.001 -24"><span class='ocrx_word' id='word_1_238' title='bbox 522 2887 732 2961; x_wconf 88' lang='lat' dir='ltr'>etiam,</span> <span class='ocrx_word' id='word_1_239' title='bbox 780 2886 940 2967; x_wconf 90' lang='lat' dir='ltr'>quod</span> <span class='ocrx_word' id='word_1_240' title='bbox 989 2904 1104 2950; x_wconf 91' lang='lat' dir='ltr'>non</span> <span class='ocrx_word' id='word_1_241' title='bbox 1153 2886 1348 2968; x_wconf 86' lang='lat' dir='ltr'>possis</span> <span class='ocrx_word' id='word_1_242' title='bbox 1394 2885 1541 2949; x_wconf 90' lang='lat' dir='ltr'>dare</span> <span class='ocrx_word' id='word_1_243' title='bbox 1588 2885 1903 2949; x_wconf 87' lang='lat' dir='ltr'>licentiam</span> <span class='ocrx_word' id='word_1_244' title='bbox 1951 2885 2134 2950; x_wconf 89' lang='lat' dir='ltr'>dictis</span> <span class='ocrx_word' id='word_1_245' title='bbox 2181 2884 2488 2966; x_wconf 88' lang='lat' dir='ltr'>capitibus</span> <span class='ocrx_word' id='word_1_246' title='bbox 2535 2887 2598 2948; x_wconf 89' lang='lat' dir='ltr'>et</span> <span class='ocrx_word' id='word_1_247' title='bbox 2658 2885 3021 2975; x_wconf 73' lang='lat' dir='ltr'>ballistariis</span> <span class='ocrx_word' id='word_1_248' title='bbox 3083 2885 3219 2949; x_wconf 85' lang='lat' dir='ltr'>suis</span> 
     </span>
     <span class='ocr_line' id='line_1_27' title="bbox 521 2972 3221 3056; baseline -0.001 -16"><span class='ocrx_word' id='word_1_249' title='bbox 521 2976 593 3040; x_wconf 91' lang='lat' dir='ltr'>de</span> <span class='ocrx_word' id='word_1_250' title='bbox 640 2974 910 3039; x_wconf 82' lang='lat' dir='ltr'>exeundo</span> <span class='ocrx_word' id='word_1_251' title='bbox 957 2972 1032 3038; x_wconf 86' lang='lat' dir='ltr'>de</span> <span class='ocrx_word' id='word_1_252' title='bbox 1078 2977 1280 3039; x_wconf 88' lang='lat' dir='ltr'>castro</span> <span class='ocrx_word' id='word_1_253' title='bbox 1324 2993 1431 3055; x_wconf 89' lang='lat' dir='ltr'>per</span> <span class='ocrx_word' id='word_1_254' title='bbox 1479 2972 1750 3051; x_wconf 87' lang='lat' dir='ltr'>modum,</span> <span class='ocrx_word' id='word_1_255' title='bbox 1798 2973 1959 3056; x_wconf 90' lang='lat' dir='ltr'>quod</span> <span class='ocrx_word' id='word_1_256' title='bbox 2005 2991 2124 3038; x_wconf 89' lang='lat' dir='ltr'>non</span> <span class='ocrx_word' id='word_1_257' title='bbox 2190 2976 2554 3038; x_wconf 84' lang='lat' dir='ltr'>remaneant</span> <span class='ocrx_word' id='word_1_258' title='bbox 2601 2991 2842 3055; x_wconf 89' lang='lat' dir='ltr'>semper</span> <span class='ocrx_word' id='word_1_259' title='bbox 2885 2972 2966 3037; x_wconf 85' lang='lat' dir='ltr'>ad</span> <span class='ocrx_word' id='word_1_260' title='bbox 3012 2976 3221 3039; x_wconf 88' lang='lat' dir='ltr'>custo-</span> 
     </span>
     <span class='ocr_line' id='line_1_28' title="bbox 522 3060 1760 3143; baseline -0.002 -17"><span class='ocrx_word' id='word_1_261' title='bbox 522 3063 687 3128; x_wconf 90' lang='lat' dir='ltr'>diam</span> <span class='ocrx_word' id='word_1_262' title='bbox 736 3065 926 3143; x_wconf 89' lang='lat' dir='ltr'>ipsius</span> <span class='ocrx_word' id='word_1_263' title='bbox 970 3063 1193 3127; x_wconf 87' lang='lat' dir='ltr'>saltem</span> <span class='ocrx_word' id='word_1_264' title='bbox 1244 3061 1569 3126; x_wconf 89' lang='lat' dir='ltr'>ballistarii</span> <span class='ocrx_word' id='word_1_265' title='bbox 1617 3060 1760 3126; x_wconf 90' lang='lat' dir='ltr'>XX.</span> 
     </span>
    </p>

    <p class='ocr_par' dir='ltr' id='par_1_8' title="bbox 522 3149 3223 3497">
     <span class='ocr_line' id='line_1_29' title="bbox 730 3149 3223 3233; baseline 0 -18"><span class='ocrx_word' id='word_1_266' title='bbox 730 3151 902 3217; x_wconf 87' lang='lat' dir='ltr'>Scias</span> <span class='ocrx_word' id='word_1_267' title='bbox 948 3152 1156 3228; x_wconf 87' lang='lat' dir='ltr'>etiam,</span> <span class='ocrx_word' id='word_1_268' title='bbox 1206 3152 1362 3233; x_wconf 90' lang='lat' dir='ltr'>quod</span> <span class='ocrx_word' id='word_1_269' title='bbox 1410 3152 1567 3233; x_wconf 88' lang='lat' dir='ltr'>apud</span> <span class='ocrx_word' id='word_1_270' title='bbox 1600 3154 1661 3214; x_wconf 92' lang='lat' dir='ltr'>te</span> <span class='ocrx_word' id='word_1_271' title='bbox 1706 3150 1782 3214; x_wconf 87' lang='lat' dir='ltr'>ad</span> <span class='ocrx_word' id='word_1_272' title='bbox 1829 3150 2163 3213; x_wconf 89' lang='lat' dir='ltr'>custodiam</span> <span class='ocrx_word' id='word_1_273' title='bbox 2212 3149 2362 3214; x_wconf 86' lang='lat' dir='ltr'>dicti</span> <span class='ocrx_word' id='word_1_274' title='bbox 2396 3150 2584 3213; x_wconf 85' lang='lat' dir='ltr'>castri</span> <span class='ocrx_word' id='word_1_275' title='bbox 2619 3167 2754 3214; x_wconf 91' lang='lat' dir='ltr'>esse</span> <span class='ocrx_word' id='word_1_276' title='bbox 2787 3149 3012 3213; x_wconf 92' lang='lat' dir='ltr'>debent</span> <span class='ocrx_word' id='word_1_277' title='bbox 3047 3150 3223 3215; x_wconf 86' lang='lat' dir='ltr'>dicta</span> 
     </span>
     <span class='ocr_line' id='line_1_30' title="bbox 522 3237 3220 3322; baseline 0 -19"><span class='ocrx_word' id='word_1_278' title='bbox 522 3240 642 3304; x_wconf 89' lang='lat' dir='ltr'>duo</span> <span class='ocrx_word' id='word_1_279' title='bbox 690 3239 892 3322; x_wconf 87' lang='lat' dir='ltr'>capita</span> <span class='ocrx_word' id='word_1_280' title='bbox 939 3239 1421 3304; x_wconf 87' lang='lat' dir='ltr'>ballistariorum</span> <span class='ocrx_word' id='word_1_281' title='bbox 1468 3257 1607 3302; x_wconf 87' lang='lat' dir='ltr'>cum</span> <span class='ocrx_word' id='word_1_282' title='bbox 1652 3237 2020 3302; x_wconf 84' lang='lat' dir='ltr'>ballistariis</span> <span class='ocrx_word' id='word_1_283' title='bbox 2059 3238 2375 3301; x_wconf 88' lang='lat' dir='ltr'>duodecim</span> <span class='ocrx_word' id='word_1_284' title='bbox 2424 3255 2534 3321; x_wconf 91' lang='lat' dir='ltr'>pro</span> <span class='ocrx_word' id='word_1_285' title='bbox 2566 3237 2863 3319; x_wconf 88' lang='lat' dir='ltr'>quolibet,</span> <span class='ocrx_word' id='word_1_286' title='bbox 2895 3239 3220 3320; x_wconf 90' lang='lat' dir='ltr'>quierunt</span> 
     </span>
     <span class='ocr_line' id='line_1_31' title="bbox 523 3325 3216 3409; baseline 0 -17"><span class='ocrx_word' id='word_1_287' title='bbox 523 3328 586 3392; x_wconf 90' lang='lat' dir='ltr'>in</span> <span class='ocrx_word' id='word_1_288' title='bbox 631 3330 827 3393; x_wconf 89' lang='lat' dir='ltr'>totum</span> <span class='ocrx_word' id='word_1_289' title='bbox 876 3327 1108 3405; x_wconf 87' lang='lat' dir='ltr'>XXVI,</span> <span class='ocrx_word' id='word_1_290' title='bbox 1154 3346 1303 3409; x_wconf 91' lang='lat' dir='ltr'>quos</span> <span class='ocrx_word' id='word_1_291' title='bbox 1355 3327 1590 3390; x_wconf 83' lang='lat' dir='ltr'>divides</span> <span class='ocrx_word' id='word_1_292' title='bbox 1648 3328 1713 3392; x_wconf 91' lang='lat' dir='ltr'>et</span> <span class='ocrx_word' id='word_1_293' title='bbox 1756 3345 1944 3408; x_wconf 90' lang='lat' dir='ltr'>pones</span> <span class='ocrx_word' id='word_1_294' title='bbox 2013 3325 2090 3389; x_wconf 83' lang='lat' dir='ltr'>ad</span> <span class='ocrx_word' id='word_1_295' title='bbox 2153 3325 2492 3391; x_wconf 89' lang='lat' dir='ltr'>custodiam</span> <span class='ocrx_word' id='word_1_296' title='bbox 2565 3327 2628 3389; x_wconf 90' lang='lat' dir='ltr'>et</span> <span class='ocrx_word' id='word_1_297' title='bbox 2682 3326 3216 3392; x_wconf 87' lang='lat' dir='ltr'>conservationem</span> 
     </span>
     <span class='ocr_line' id='line_1_32' title="bbox 522 3413 2980 3497; baseline 0 -18"><span class='ocrx_word' id='word_1_298' title='bbox 522 3416 692 3480; x_wconf 92' lang='lat' dir='ltr'>illius</span> <span class='ocrx_word' id='word_1_299' title='bbox 739 3416 924 3480; x_wconf 86' lang='lat' dir='ltr'>castri</span> <span class='ocrx_word' id='word_1_300' title='bbox 970 3417 1305 3479; x_wconf 88' lang='lat' dir='ltr'>secundum</span> <span class='ocrx_word' id='word_1_301' title='bbox 1351 3414 1509 3497; x_wconf 87' lang='lat' dir='ltr'>quod</span> <span class='ocrx_word' id='word_1_302' title='bbox 1555 3415 1772 3479; x_wconf 89' lang='lat' dir='ltr'>utilius</span> <span class='ocrx_word' id='word_1_303' title='bbox 1819 3419 1882 3478; x_wconf 91' lang='lat' dir='ltr'>et</span> <span class='ocrx_word' id='word_1_304' title='bbox 1932 3416 2131 3497; x_wconf 88' lang='lat' dir='ltr'>magis</span> <span class='ocrx_word' id='word_1_305' title='bbox 2183 3432 2429 3479; x_wconf 90' lang='lat' dir='ltr'>necesse</span> <span class='ocrx_word' id='word_1_306' title='bbox 2474 3413 2797 3495; x_wconf 86' lang='lat' dir='ltr'>apparebit</span> <span class='ocrx_word' id='word_1_307' title='bbox 2842 3414 2980 3480; x_wconf 87' lang='lat' dir='ltr'>tibi.</span> 
     </span>
    </p>

    <p class='ocr_par' dir='ltr' id='par_1_9' title="bbox 522 3501 3227 4558">
     <span class='ocr_line' id='line_1_33' title="bbox 729 3501 3215 3584; baseline 0 -16"><span class='ocrx_word' id='word_1_308' title='bbox 729 3504 874 3580; x_wconf 87' lang='lat' dir='ltr'>Res,</span> <span class='ocrx_word' id='word_1_309' title='bbox 921 3520 1114 3579; x_wconf 90' lang='lat' dir='ltr'>arma,</span> <span class='ocrx_word' id='word_1_310' title='bbox 1163 3502 1469 3568; x_wconf 87' lang='lat' dir='ltr'>biscotum</span> <span class='ocrx_word' id='word_1_311' title='bbox 1513 3506 1578 3566; x_wconf 87' lang='lat' dir='ltr'>et</span> <span class='ocrx_word' id='word_1_312' title='bbox 1616 3501 1822 3567; x_wconf 89' lang='lat' dir='ltr'>omnia</span> <span class='ocrx_word' id='word_1_313' title='bbox 1870 3502 2010 3578; x_wconf 86' lang='lat' dir='ltr'>alia,</span> <span class='ocrx_word' id='word_1_314' title='bbox 2059 3521 2176 3584; x_wconf 92' lang='lat' dir='ltr'>que</span> <span class='ocrx_word' id='word_1_315' title='bbox 2234 3502 2351 3567; x_wconf 91' lang='lat' dir='ltr'>tibi</span> <span class='ocrx_word' id='word_1_316' title='bbox 2418 3501 2761 3584; x_wconf 86' lang='lat' dir='ltr'>assignabit</span> <span class='ocrx_word' id='word_1_317' title='bbox 2832 3502 2926 3566; x_wconf 83' lang='lat' dir='ltr'>vir</span> <span class='ocrx_word' id='word_1_318' title='bbox 2986 3502 3215 3568; x_wconf 91' lang='lat' dir='ltr'>nobilis</span> 
     </span>
     <span class='ocr_line' id='line_1_34' title="bbox 524 3589 3219 3673; baseline 0 -17"><span class='ocrx_word' id='word_1_319' title='bbox 524 3592 757 3656; x_wconf 87' lang='lat' dir='ltr'>Paulus</span> <span class='ocrx_word' id='word_1_320' title='bbox 796 3591 874 3656; x_wconf 91' lang='lat' dir='ltr'>de</span> <span class='ocrx_word' id='word_1_321' title='bbox 920 3589 1132 3655; x_wconf 88' lang='lat' dir='ltr'>Canali</span> <span class='ocrx_word' id='word_1_322' title='bbox 1179 3611 1487 3673; x_wconf 88' lang='lat' dir='ltr'>precessor</span> <span class='ocrx_word' id='word_1_323' title='bbox 1528 3594 1671 3655; x_wconf 90' lang='lat' dir='ltr'>tuus</span> <span class='ocrx_word' id='word_1_324' title='bbox 1717 3590 1905 3655; x_wconf 89' lang='lat' dir='ltr'>facies</span> <span class='ocrx_word' id='word_1_325' title='bbox 1950 3591 2143 3654; x_wconf 88' lang='lat' dir='ltr'>locari</span> <span class='ocrx_word' id='word_1_326' title='bbox 2191 3594 2255 3655; x_wconf 89' lang='lat' dir='ltr'>et</span> <span class='ocrx_word' id='word_1_327' title='bbox 2285 3590 2513 3655; x_wconf 84' lang='lat' dir='ltr'>salvari</span> <span class='ocrx_word' id='word_1_328' title='bbox 2544 3591 2609 3653; x_wconf 92' lang='lat' dir='ltr'>in</span> <span class='ocrx_word' id='word_1_329' title='bbox 2640 3592 2842 3655; x_wconf 90' lang='lat' dir='ltr'>castro</span> <span class='ocrx_word' id='word_1_330' title='bbox 2875 3591 3219 3656; x_wconf 88' lang='lat' dir='ltr'>secundum</span> 
     </span>
     <span class='ocr_line' id='line_1_35' title="bbox 523 3678 3220 3762; baseline 0 -18"><span class='ocrx_word' id='word_1_331' title='bbox 523 3681 681 3761; x_wconf 89' lang='lat' dir='ltr'>quod</span> <span class='ocrx_word' id='word_1_332' title='bbox 730 3678 845 3743; x_wconf 89' lang='lat' dir='ltr'>tibi</span> <span class='ocrx_word' id='word_1_333' title='bbox 894 3679 1110 3742; x_wconf 87' lang='lat' dir='ltr'>utilius</span> <span class='ocrx_word' id='word_1_334' title='bbox 1171 3681 1235 3743; x_wconf 88' lang='lat' dir='ltr'>et</span> <span class='ocrx_word' id='word_1_335' title='bbox 1296 3680 1516 3743; x_wconf 90' lang='lat' dir='ltr'>melius</span> <span class='ocrx_word' id='word_1_336' title='bbox 1576 3678 1916 3761; x_wconf 85' lang='lat' dir='ltr'>apparebit,</span> <span class='ocrx_word' id='word_1_337' title='bbox 1981 3682 2043 3742; x_wconf 90' lang='lat' dir='ltr'>et</span> <span class='ocrx_word' id='word_1_338' title='bbox 2102 3679 2177 3742; x_wconf 88' lang='lat' dir='ltr'>de</span> <span class='ocrx_word' id='word_1_339' title='bbox 2235 3678 2363 3743; x_wconf 92' lang='lat' dir='ltr'>illis</span> <span class='ocrx_word' id='word_1_340' title='bbox 2410 3678 2487 3743; x_wconf 93' lang='lat' dir='ltr'>de</span> <span class='ocrx_word' id='word_1_341' title='bbox 2534 3682 2809 3761; x_wconf 91' lang='lat' dir='ltr'>tempore</span> <span class='ocrx_word' id='word_1_342' title='bbox 2859 3678 2922 3743; x_wconf 90' lang='lat' dir='ltr'>in</span> <span class='ocrx_word' id='word_1_343' title='bbox 2970 3682 3220 3762; x_wconf 89' lang='lat' dir='ltr'>tempus</span> 
     </span>
     <span class='ocr_line' id='line_1_36' title="bbox 522 3766 3218 3852; baseline 0 -20"><span class='ocrx_word' id='word_1_344' title='bbox 522 3767 869 3851; x_wconf 88' lang='lat' dir='ltr'>providebis</span> <span class='ocrx_word' id='word_1_345' title='bbox 915 3770 979 3831; x_wconf 90' lang='lat' dir='ltr'>et</span> <span class='ocrx_word' id='word_1_346' title='bbox 1021 3768 1323 3848; x_wconf 89' lang='lat' dir='ltr'>provideri</span> <span class='ocrx_word' id='word_1_347' title='bbox 1370 3768 1576 3844; x_wconf 83' lang='lat' dir='ltr'>facieS,</span> <span class='ocrx_word' id='word_1_348' title='bbox 1628 3770 1699 3831; x_wconf 89' lang='lat' dir='ltr'>ut</span> <span class='ocrx_word' id='word_1_349' title='bbox 1743 3766 1948 3831; x_wconf 89' lang='lat' dir='ltr'>omnia</span> <span class='ocrx_word' id='word_1_350' title='bbox 1994 3767 2143 3832; x_wconf 92' lang='lat' dir='ltr'>bene</span> <span class='ocrx_word' id='word_1_351' title='bbox 2190 3768 2642 3844; x_wconf 87' lang='lat' dir='ltr'>conserventur,</span> <span class='ocrx_word' id='word_1_352' title='bbox 2697 3769 2760 3830; x_wconf 91' lang='lat' dir='ltr'>et</span> <span class='ocrx_word' id='word_1_353' title='bbox 2807 3784 2925 3830; x_wconf 88' lang='lat' dir='ltr'>non</span> <span class='ocrx_word' id='word_1_354' title='bbox 2973 3767 3218 3852; x_wconf 89' lang='lat' dir='ltr'>disper-</span> 
     </span>
     <span class='ocr_line' id='line_1_37' title="bbox 522 3854 3223 3937; baseline 0 -16"><span class='ocrx_word' id='word_1_355' title='bbox 522 3856 765 3934; x_wconf 86' lang='lat' dir='ltr'>dantur,</span> <span class='ocrx_word' id='word_1_356' title='bbox 817 3854 1138 3920; x_wconf 89' lang='lat' dir='ltr'>scribendo</span> <span class='ocrx_word' id='word_1_357' title='bbox 1186 3857 1360 3921; x_wconf 89' lang='lat' dir='ltr'>nobis</span> <span class='ocrx_word' id='word_1_358' title='bbox 1405 3875 1513 3937; x_wconf 87' lang='lat' dir='ltr'>per</span> <span class='ocrx_word' id='word_1_359' title='bbox 1558 3858 1698 3920; x_wconf 87' lang='lat' dir='ltr'>tuas</span> <span class='ocrx_word' id='word_1_360' title='bbox 1743 3856 1960 3919; x_wconf 90' lang='lat' dir='ltr'>literas</span> <span class='ocrx_word' id='word_1_361' title='bbox 2006 3856 2230 3934; x_wconf 89' lang='lat' dir='ltr'>omnia,</span> <span class='ocrx_word' id='word_1_362' title='bbox 2277 3874 2395 3937; x_wconf 90' lang='lat' dir='ltr'>que</span> <span class='ocrx_word' id='word_1_363' title='bbox 2439 3855 2556 3919; x_wconf 91' lang='lat' dir='ltr'>tibi</span> <span class='ocrx_word' id='word_1_364' title='bbox 2620 3854 3097 3936; x_wconf 85' lang='lat' dir='ltr'>assignabuntur</span> <span class='ocrx_word' id='word_1_365' title='bbox 3148 3858 3223 3922; x_wconf 89' lang='lat' dir='ltr'>de</span> 
     </span>
     <span class='ocr_line' id='line_1_38' title="bbox 522 3942 3224 4026; baseline 0 -17"><span class='ocrx_word' id='word_1_366' title='bbox 522 3945 758 4011; x_wconf 89' lang='lat' dir='ltr'>ratione</span> <span class='ocrx_word' id='word_1_367' title='bbox 804 3945 994 4009; x_wconf 90' lang='lat' dir='ltr'>nostri</span> <span class='ocrx_word' id='word_1_368' title='bbox 1037 3942 1400 4008; x_wconf 76' lang='lat' dir='ltr'>communis,</span> <span class='ocrx_word' id='word_1_369' title='bbox 1449 3943 1693 4009; x_wconf 91' lang='lat' dir='ltr'>Habere</span> <span class='ocrx_word' id='word_1_370' title='bbox 1739 3943 1927 4008; x_wconf 86' lang='lat' dir='ltr'>debes</span> <span class='ocrx_word' id='word_1_371' title='bbox 1974 3943 2048 4006; x_wconf 92' lang='lat' dir='ltr'>de</span> <span class='ocrx_word' id='word_1_372' title='bbox 2095 3944 2319 4008; x_wconf 89' lang='lat' dir='ltr'>salario</span> <span class='ocrx_word' id='word_1_373' title='bbox 2365 3943 2557 4007; x_wconf 88' lang='lat' dir='ltr'>libras</span> <span class='ocrx_word' id='word_1_374' title='bbox 2604 3942 2723 4007; x_wconf 91' lang='lat' dir='ltr'>XX</span> <span class='ocrx_word' id='word_1_375' title='bbox 2769 3961 3125 4026; x_wconf 88' lang='lat' dir='ltr'>grossorum</span> <span class='ocrx_word' id='word_1_376' title='bbox 3157 3946 3224 4010; x_wconf 92' lang='lat' dir='ltr'>in</span> 
     </span>
     <span class='ocr_line' id='line_1_39' title="bbox 525 4031 3225 4114; baseline 0 -16"><span class='ocrx_word' id='word_1_377' title='bbox 525 4052 682 4098; x_wconf 88' lang='lat' dir='ltr'>anno</span> <span class='ocrx_word' id='word_1_378' title='bbox 729 4038 792 4098; x_wconf 92' lang='lat' dir='ltr'>et</span> <span class='ocrx_word' id='word_1_379' title='bbox 831 4032 1070 4097; x_wconf 89' lang='lat' dir='ltr'>ratione</span> <span class='ocrx_word' id='word_1_380' title='bbox 1116 4033 1277 4110; x_wconf 91' lang='lat' dir='ltr'>anni,</span> <span class='ocrx_word' id='word_1_381' title='bbox 1327 4032 1487 4113; x_wconf 89' lang='lat' dir='ltr'>quod</span> <span class='ocrx_word' id='word_1_382' title='bbox 1535 4031 1831 4096; x_wconf 88' lang='lat' dir='ltr'>salarium</span> <span class='ocrx_word' id='word_1_383' title='bbox 1879 4033 2149 4114; x_wconf 88' lang='lat' dir='ltr'>recipere</span> <span class='ocrx_word' id='word_1_384' title='bbox 2194 4031 2380 4096; x_wconf 88' lang='lat' dir='ltr'>debes</span> <span class='ocrx_word' id='word_1_385' title='bbox 2425 4033 2489 4096; x_wconf 92' lang='lat' dir='ltr'>in</span> <span class='ocrx_word' id='word_1_386' title='bbox 2534 4032 2696 4095; x_wconf 89' lang='lat' dir='ltr'>hunc</span> <span class='ocrx_word' id='word_1_387' title='bbox 2745 4031 3015 4109; x_wconf 88' lang='lat' dir='ltr'>modum,</span> <span class='ocrx_word' id='word_1_388' title='bbox 3048 4035 3225 4098; x_wconf 84' lang='lat' dir='ltr'>vide-</span> 
     </span>
     <span class='ocr_line' id='line_1_40' title="bbox 523 4120 3227 4204; baseline 0.001 -19"><span class='ocrx_word' id='word_1_389' title='bbox 523 4122 688 4199; x_wconf 89' lang='lat' dir='ltr'>licet,</span> <span class='ocrx_word' id='word_1_390' title='bbox 735 4123 879 4204; x_wconf 92' lang='lat' dir='ltr'>quia</span> <span class='ocrx_word' id='word_1_391' title='bbox 926 4122 1067 4185; x_wconf 88' lang='lat' dir='ltr'>ante</span> <span class='ocrx_word' id='word_1_392' title='bbox 1110 4124 1283 4184; x_wconf 89' lang='lat' dir='ltr'>tuum</span> <span class='ocrx_word' id='word_1_393' title='bbox 1332 4138 1640 4184; x_wconf 89' lang='lat' dir='ltr'>recessum</span> <span class='ocrx_word' id='word_1_394' title='bbox 1688 4120 1946 4185; x_wconf 86' lang='lat' dir='ltr'>fecimus</span> <span class='ocrx_word' id='word_1_395' title='bbox 1992 4121 2108 4186; x_wconf 91' lang='lat' dir='ltr'>tibi</span> <span class='ocrx_word' id='word_1_396' title='bbox 2153 4121 2285 4184; x_wconf 87' lang='lat' dir='ltr'>dari</span> <span class='ocrx_word' id='word_1_397' title='bbox 2350 4120 2642 4185; x_wconf 88' lang='lat' dir='ltr'>salarium</span> <span class='ocrx_word' id='word_1_398' title='bbox 2706 4121 2892 4202; x_wconf 90' lang='lat' dir='ltr'>primi</span> <span class='ocrx_word' id='word_1_399' title='bbox 2939 4122 3105 4201; x_wconf 89' lang='lat' dir='ltr'>anni,</span> <span class='ocrx_word' id='word_1_400' title='bbox 3154 4126 3227 4187; x_wconf 90' lang='lat' dir='ltr'>et</span> 
     </span>
     <span class='ocr_line' id='line_1_41' title="bbox 526 4208 3221 4290; baseline 0.001 -16"><span class='ocrx_word' id='word_1_401' title='bbox 526 4211 748 4275; x_wconf 86' lang='lat' dir='ltr'>abinde</span> <span class='ocrx_word' id='word_1_402' title='bbox 790 4210 856 4274; x_wconf 91' lang='lat' dir='ltr'>in</span> <span class='ocrx_word' id='word_1_403' title='bbox 903 4211 1084 4274; x_wconf 89' lang='lat' dir='ltr'>antea</span> <span class='ocrx_word' id='word_1_404' title='bbox 1129 4209 1353 4273; x_wconf 89' lang='lat' dir='ltr'>habere</span> <span class='ocrx_word' id='word_1_405' title='bbox 1399 4208 1553 4273; x_wconf 90' lang='lat' dir='ltr'>illud</span> <span class='ocrx_word' id='word_1_406' title='bbox 1600 4211 1672 4272; x_wconf 91' lang='lat' dir='ltr'>de</span> <span class='ocrx_word' id='word_1_407' title='bbox 1718 4227 1825 4273; x_wconf 80' lang='lat' dir='ltr'>sex</span> <span class='ocrx_word' id='word_1_408' title='bbox 1870 4209 1933 4272; x_wconf 93' lang='lat' dir='ltr'>in</span> <span class='ocrx_word' id='word_1_409' title='bbox 1981 4228 2082 4273; x_wconf 84' lang='lat' dir='ltr'>sex</span> <span class='ocrx_word' id='word_1_410' title='bbox 2131 4227 2388 4273; x_wconf 88' lang='lat' dir='ltr'>menses.</span> <span class='ocrx_word' id='word_1_411' title='bbox 2477 4208 2559 4272; x_wconf 87' lang='lat' dir='ltr'>Et</span> <span class='ocrx_word' id='word_1_412' title='bbox 2620 4208 2939 4290; x_wconf 87' lang='lat' dir='ltr'>propterea</span> <span class='ocrx_word' id='word_1_413' title='bbox 2986 4209 3221 4276; x_wconf 87' lang='lat' dir='ltr'>habere</span> 
     </span>
     <span class='ocr_line' id='line_1_42' title="bbox 523 4296 3221 4379; baseline 0 -15"><span class='ocrx_word' id='word_1_414' title='bbox 523 4303 587 4364; x_wconf 91' lang='lat' dir='ltr'>et</span> <span class='ocrx_word' id='word_1_415' title='bbox 629 4303 835 4364; x_wconf 90' lang='lat' dir='ltr'>tenere</span> <span class='ocrx_word' id='word_1_416' title='bbox 884 4298 1067 4361; x_wconf 89' lang='lat' dir='ltr'>debes</span> <span class='ocrx_word' id='word_1_417' title='bbox 1113 4297 1235 4361; x_wconf 90' lang='lat' dir='ltr'>tuis</span> <span class='ocrx_word' id='word_1_418' title='bbox 1282 4296 1506 4362; x_wconf 84' lang='lat' dir='ltr'>salario</span> <span class='ocrx_word' id='word_1_419' title='bbox 1553 4299 1616 4361; x_wconf 89' lang='lat' dir='ltr'>et</span> <span class='ocrx_word' id='word_1_420' title='bbox 1660 4296 1938 4379; x_wconf 83' lang='lat' dir='ltr'>expensis</span> <span class='ocrx_word' id='word_1_421' title='bbox 1985 4296 2137 4361; x_wconf 89' lang='lat' dir='ltr'>duos</span> <span class='ocrx_word' id='word_1_422' title='bbox 2183 4296 2465 4375; x_wconf 73' lang='lat' dir='ltr'>famuIOS,</span> <span class='ocrx_word' id='word_1_423' title='bbox 2513 4297 2616 4379; x_wconf 91' lang='lat' dir='ltr'>qui</span> <span class='ocrx_word' id='word_1_424' title='bbox 2663 4297 2791 4360; x_wconf 86' lang='lat' dir='ltr'>sint</span> <span class='ocrx_word' id='word_1_425' title='bbox 2818 4315 2856 4360; x_wconf 89' lang='lat' dir='ltr'>a</span> <span class='ocrx_word' id='word_1_426' title='bbox 2888 4296 3010 4361; x_wconf 91' lang='lat' dir='ltr'>XX</span> <span class='ocrx_word' id='word_1_427' title='bbox 3037 4301 3221 4364; x_wconf 90' lang='lat' dir='ltr'>annis</span> 
     </span>
     <span class='ocr_line' id='line_1_43' title="bbox 526 4384 3226 4469; baseline 0 -18"><span class='ocrx_word' id='word_1_428' title='bbox 526 4406 713 4469; x_wconf 87' lang='lat' dir='ltr'>supra</span> <span class='ocrx_word' id='word_1_429' title='bbox 758 4390 821 4451; x_wconf 91' lang='lat' dir='ltr'>et</span> <span class='ocrx_word' id='word_1_430' title='bbox 866 4386 933 4449; x_wconf 88' lang='lat' dir='ltr'>L.</span> <span class='ocrx_word' id='word_1_431' title='bbox 987 4384 1161 4457; x_wconf 80' lang='lat' dir='ltr'>infra,</span> <span class='ocrx_word' id='word_1_432' title='bbox 1209 4388 1272 4449; x_wconf 93' lang='lat' dir='ltr'>et</span> <span class='ocrx_word' id='word_1_433' title='bbox 1332 4385 1637 4463; x_wconf 90' lang='lat' dir='ltr'>nolumus,</span> <span class='ocrx_word' id='word_1_434' title='bbox 1687 4384 1850 4467; x_wconf 87' lang='lat' dir='ltr'>quod</span> <span class='ocrx_word' id='word_1_435' title='bbox 1896 4385 2024 4449; x_wconf 90' lang='lat' dir='ltr'>sint</span> <span class='ocrx_word' id='word_1_436' title='bbox 2090 4384 2477 4450; x_wconf 89' lang='lat' dir='ltr'>Albanenses</span> <span class='ocrx_word' id='word_1_437' title='bbox 2546 4403 2656 4449; x_wconf 92' lang='lat' dir='ltr'>nec</span> <span class='ocrx_word' id='word_1_438' title='bbox 2702 4384 3061 4466; x_wconf 87' lang='lat' dir='ltr'>Durachini,</span> <span class='ocrx_word' id='word_1_439' title='bbox 3112 4406 3226 4451; x_wconf 90' lang='lat' dir='ltr'>nec</span> 
     </span>
     <span class='ocr_line' id='line_1_44' title="bbox 529 4473 1608 4558; baseline -0.004 -19"><span class='ocrx_word' id='word_1_440' title='bbox 529 4479 712 4558; x_wconf 86' lang='lat' dir='ltr'>potes.</span> <span class='ocrx_word' id='word_1_441' title='bbox 744 4475 942 4538; x_wconf 88' lang='lat' dir='ltr'>facere</span> <span class='ocrx_word' id='word_1_442' title='bbox 991 4475 1063 4537; x_wconf 91' lang='lat' dir='ltr'>de</span> <span class='ocrx_word' id='word_1_443' title='bbox 1110 4473 1608 4537; x_wconf 87' lang='lat' dir='ltr'>mercationibus.</span> 
     </span>
    </p>

    <p class='ocr_par' dir='ltr' id='par_1_10' title="bbox 527 4560 3232 4820">
     <span class='ocr_line' id='line_1_45' title="bbox 734 4560 3227 4644; baseline 0 -18"><span class='ocrx_word' id='word_1_444' title='bbox 734 4563 817 4627; x_wconf 88' lang='lat' dir='ltr'>Et</span> <span class='ocrx_word' id='word_1_445' title='bbox 862 4560 1026 4625; x_wconf 88' lang='lat' dir='ltr'>ultra</span> <span class='ocrx_word' id='word_1_446' title='bbox 1079 4561 1354 4643; x_wconf 88' lang='lat' dir='ltr'>predicta</span> <span class='ocrx_word' id='word_1_447' title='bbox 1397 4560 1797 4625; x_wconf 88' lang='lat' dir='ltr'>informamus</span> <span class='ocrx_word' id='word_1_448' title='bbox 1846 4562 1926 4638; x_wconf 92' lang='lat' dir='ltr'>te,</span> <span class='ocrx_word' id='word_1_449' title='bbox 1975 4560 2136 4643; x_wconf 88' lang='lat' dir='ltr'>quod</span> <span class='ocrx_word' id='word_1_450' title='bbox 2171 4562 2231 4625; x_wconf 89' lang='lat' dir='ltr'>in</span> <span class='ocrx_word' id='word_1_451' title='bbox 2265 4560 2699 4627; x_wconf 87' lang='lat' dir='ltr'>commissione</span> <span class='ocrx_word' id='word_1_452' title='bbox 2732 4561 2924 4626; x_wconf 86' lang='lat' dir='ltr'>baiuli</span> <span class='ocrx_word' id='word_1_453' title='bbox 2958 4563 3022 4626; x_wconf 92' lang='lat' dir='ltr'>et</span> <span class='ocrx_word' id='word_1_454' title='bbox 3053 4562 3227 4644; x_wconf 89' lang='lat' dir='ltr'>capi-</span> 
     </span>
     <span class='ocr_line' id='line_1_46' title="bbox 528 4648 3229 4732; baseline 0 -19"><span class='ocrx_word' id='word_1_455' title='bbox 528 4649 698 4714; x_wconf 89' lang='lat' dir='ltr'>tanei</span> <span class='ocrx_word' id='word_1_456' title='bbox 744 4650 1039 4713; x_wconf 87' lang='lat' dir='ltr'>Durachii</span> <span class='ocrx_word' id='word_1_457' title='bbox 1086 4654 1182 4714; x_wconf 92' lang='lat' dir='ltr'>est</span> <span class='ocrx_word' id='word_1_458' title='bbox 1229 4649 1534 4731; x_wconf 86' lang='lat' dir='ltr'>quoddam</span> <span class='ocrx_word' id='word_1_459' title='bbox 1579 4649 1919 4730; x_wconf 89' lang='lat' dir='ltr'>capitulum</span> <span class='ocrx_word' id='word_1_460' title='bbox 1968 4652 2304 4727; x_wconf 88' lang='lat' dir='ltr'>continens,</span> <span class='ocrx_word' id='word_1_461' title='bbox 2347 4649 2509 4732; x_wconf 86' lang='lat' dir='ltr'>quod</span> <span class='ocrx_word' id='word_1_462' title='bbox 2556 4669 2765 4714; x_wconf 90' lang='lat' dir='ltr'>omnes</span> <span class='ocrx_word' id='word_1_463' title='bbox 2810 4648 2925 4725; x_wconf 85' lang='lat' dir='ltr'>illi,</span> <span class='ocrx_word' id='word_1_464' title='bbox 2962 4650 3068 4731; x_wconf 91' lang='lat' dir='ltr'>qni</span> <span class='ocrx_word' id='word_1_465' title='bbox 3118 4653 3229 4715; x_wconf 90' lang='lat' dir='ltr'>de-</span> 
     </span>
     <span class='ocr_line' id='line_1_47' title="bbox 527 4736 3232 4820; baseline 0.001 -19"><span class='ocrx_word' id='word_1_466' title='bbox 527 4737 729 4820; x_wconf 87' lang='lat' dir='ltr'>putati</span> <span class='ocrx_word' id='word_1_467' title='bbox 775 4740 921 4801; x_wconf 89' lang='lat' dir='ltr'>sunt</span> <span class='ocrx_word' id='word_1_468' title='bbox 965 4738 1029 4800; x_wconf 91' lang='lat' dir='ltr'>et</span> <span class='ocrx_word' id='word_1_469' title='bbox 1072 4736 1533 4819; x_wconf 88' lang='lat' dir='ltr'>deputabuntur</span> <span class='ocrx_word' id='word_1_470' title='bbox 1577 4740 1652 4803; x_wconf 89' lang='lat' dir='ltr'>ad</span> <span class='ocrx_word' id='word_1_471' title='bbox 1701 4738 2043 4803; x_wconf 89' lang='lat' dir='ltr'>custodiam</span> <span class='ocrx_word' id='word_1_472' title='bbox 2089 4739 2154 4802; x_wconf 86' lang='lat' dir='ltr'>et</span> <span class='ocrx_word' id='word_1_473' title='bbox 2198 4739 2721 4803; x_wconf 85' lang='lat' dir='ltr'>conservationem</span> <span class='ocrx_word' id='word_1_474' title='bbox 2765 4737 3042 4804; x_wconf 82' lang='lat' dir='ltr'>civitatis</span> <span class='ocrx_word' id='word_1_475' title='bbox 3090 4738 3232 4804; x_wconf 91' lang='lat' dir='ltr'>Du-</span> 
     </span>
    </p>
   </div>
   <div class='ocr_carea' id='block_1_6' title="bbox 638 5058 683 5083">
    <p class='ocr_par' dir='ltr' id='par_1_11' title="bbox 638 5058 683 5083">
     <span class='ocr_line' id='line_1_48' title="bbox 638 5058 683 5083; baseline 0 0"><span class='ocrx_word' id='word_1_476' title='bbox 638 5058 683 5083; x_wconf 53' lang='grc' dir='ltr'>Ἦ</span> 
     </span>
    </p>
   </div>
  </div>
 </body>
</html>
