3620 5282
2986 388 3106 453 117

388 580 615 626 mense.
665 564 750 628 Et
793 562 1023 629 habeat
1070 565 1332 646 quatuor
1378 564 1660 642 famuloS,
1709 565 1784 629 de
1810 564 2033 647 quibus
2058 584 2216 629 unus
2263 565 2349 629 sit
2391 566 2772 648 expensator,
2821 566 2884 628 et
2918 582 3109 629 unum

383 651 689 715 notarium
742 653 806 715 et
848 671 1038 725 unum
1087 670 1371 735 coquum.
1443 652 1524 715 Et
1586 653 1784 735 possit
1845 652 2181 734 expendere
2248 651 2472 716 solidos
2534 652 2687 717 duos
2748 669 3106 736 grossorum

382 736 443 799 in
490 737 589 801 die
637 739 696 801 in
739 740 1020 821 expensis
1066 739 1161 803 sui
1210 741 1333 803 oris
1381 744 1444 802 et
1486 739 1741 816 familie,
1795 742 1857 803 et
1904 740 2196 804 nabulum
2246 758 2386 803 vero
2417 740 2645 804 habeat
2689 758 2726 803 a
2773 739 3106 804 communi.

593 841 827 925 Capta:
873 847 936 907 et
978 861 1088 925 pro
1127 844 1268 922 hiis,
1317 863 1455 908 cum
1509 846 1927 909 necessarium
1958 844 2061 921 sit,
2111 846 2269 925 quod
2302 844 2505 908 dictus
2540 843 2900 908 ambaxator
2945 841 3108 908 cele-

391 928 542 991 riter
586 931 790 1008 vadat,
842 933 904 994 et
950 932 1235 1013 expediat
1280 932 1439 996 viam
1491 950 1686 1005 suam,
1751 931 1996 996 recedat
2042 932 2398 996 ambaxator
2445 931 2756 1014 predictus
2802 931 2881 995 ad
2929 930 3112 995 bene·

383 1015 680 1097 placitum
727 1017 1193 1083 dominacionis.

595 1119 826 1204 Capta:
877 1124 941 1187 et
987 1142 1168 1206 super
1214 1122 1353 1188 istis
1380 1125 1651 1207 negociis
1677 1124 1919 1206 possint
1964 1124 2147 1188 scribi
2190 1121 2452 1208 (littere)
2481 1122 2737 1189 Nicolao
2760 1122 2836 1188 de
2868 1122 3107 1188 Buchia

384 1208 443 1270 in
488 1226 563 1271 ea
594 1207 810 1286 forma,
861 1229 976 1293 que
1023 1210 1335 1275 videbitur
1380 1212 1643 1290 domino,
1692 1211 2060 1276 consiliariis
2100 1214 2163 1275 et
2209 1210 2554 1294 capitibus;
2605 1229 2744 1274 cum
2777 1210 3112 1275 habeamus

383 1314 490 1377 per
514 1296 875 1362 relationem
923 1299 1392 1362 ambaxatorum
1436 1299 1511 1364 de
1537 1300 1832 1381 Raguxio,
1882 1299 1988 1381 qui
2035 1301 2179 1363 sunt
2223 1299 2342 1376 hic,
2395 1298 2553 1379 quod
2600 1297 2732 1381 ipse
2779 1297 2992 1363 Nicola
3038 1297 3113 1362 de

386 1381 625 1447 Buchia
673 1386 769 1448 est
815 1386 1025 1450 auctor
1068 1388 1130 1449 et
1177 1404 1365 1451 causa
1407 1388 1625 1451 horum
1675 1387 2079 1469 dampnorum
2127 1388 2189 1450 et
2235 1385 2599 1449 novitatum.
2660 1386 2916 1467 Insuper
2962 1403 3106 1449 cum

385 1469 595 1534 dicant
640 1471 1072 1537 ambaxatores
1120 1474 1401 1555 predicti,
1451 1475 1611 1557 quod
1658 1474 1866 1538 Maroe
1911 1475 1984 1538 de
2030 1473 2217 1538 Gozzi
2265 1473 2338 1536 de
2386 1473 2676 1556 Ragusio,
2727 1471 2832 1555 qui
2880 1474 2978 1537 est
3008 1490 3116 1556 ge·

390 1575 496 1621 ner
537 1559 812 1623 eiusdem
861 1559 1118 1623 Nichole
1160 1562 1235 1625 de
1286 1561 1540 1637 Buchia,
1607 1564 1670 1625 et
1708 1561 1929 1626 Nicola
1985 1564 2058 1625 de
2120 1561 2337 1625 Lucari
2400 1559 2477 1624 de
2540 1560 2815 1643 Ragusio
2880 1559 3113 1624 habent

395 1646 758 1710 societatem
808 1666 948 1711 cum
996 1647 1205 1713 eodem
1254 1648 1473 1712 Nicola
1520 1650 1591 1712 de
1640 1648 1895 1725 Buchia,
1945 1650 2052 1732 qui
2098 1651 2287 1713 etiam
2336 1649 2497 1724 sunt,
2547 1648 2618 1711 ut
2662 1647 2898 1726 dicunt,
2933 1664 3118 1712 causa

393 1730 651 1796 istorum
695 1735 1106 1817 dampnorum
1158 1739 1220 1800 et
1267 1738 1634 1812 novitatum,
1683 1736 1992 1801 scribatur
2035 1736 2245 1801 comiti
2293 1735 2583 1817 Raguxii,
2632 1736 2793 1817 quod
2835 1735 3119 1800 veniente

396 1819 790 1886 ambaxatore
838 1824 1045 1886 nostro
1071 1824 1437 1906 Raguxium,
1486 1824 1851 1888 conveniant
1875 1823 2149 1903 insimul
2197 1826 2261 1888 et
2306 1824 2539 1887 vocatis
2587 1822 2663 1887 ad
2711 1840 2777 1887 se
2824 1821 3118 1905 predictis

392 1907 626 1972 duobus
695 1909 932 1973 civibus
1002 1911 1349 1993 Raguxeis,
1418 1913 1794 1994 redarguant
1856 1930 1959 1975 eos
2022 1929 2161 1976 cum
2225 1909 2350 1976 illis
2409 1910 2611 1976 verbis
2656 1911 2721 1975 et
2765 1928 2838 1974 ea
2897 1908 3117 1988 forma,

391 2013 574 2076 quam
623 2015 733 2078 pro
783 1998 939 2061 bono
986 1998 1372 2080 negociorum
1421 1998 1826 2083 cognoverint
1867 1999 2168 2082 expedire.

474 2085 669 2155 Misti,
722 2086 918 2147 XXV
955 2091 1011 2155 7,
1058 2107 1099 2149 u
1145 2090 1488 2148 mletackom
1532 2090 1762 2149 arkivu.

653 2300 1211 2385 CLXXXIII.
1266 2302 1474 2385 God.
1528 2302 1756 2385 1348.
1812 2303 1867 2384 4
1918 2304 2290 2404 traana,
2340 2322 2401 2382 u
2456 2299 2847 2383 Mletcih.

396 2424 705 2502 Odyovara
749 2447 812 2488 se
856 2431 1188 2504 aqam-hri).
1237 2430 1458 2503 kraly'u,
1509 2430 1588 2487 da
1639 2428 1701 2488 έε
1744 2446 1844 2486 mu
1885 2429 2198 2502 poslanike
2244 2428 2556 2501 odpremiti
2600 2444 2643 2485 u
2686 2427 2886 2499 svrhu,
2934 2426 3016 2485 da
3059 2443 3122 2488 se

1176 2519 1456 2591 primirje
1492 2519 1821 2590 preok-rene
1864 2536 1906 2575 u
1950 2516 2136 2575 stalni
2179 2517 2312 2574 mir.

618 2664 804 2729 1349.
853 2665 949 2729 die
996 2665 1084 2730 IV
1131 2665 1365 2748 aprilis,
1413 2663 1587 2743 Quod
1635 2663 1710 2728 ad
1757 2664 2006 2728 litteras
2052 2662 2285 2728 domini
2356 2664 2521 2746 regis
2572 2662 2928 2746 Hungarie,
2980 2660 3121 2727 Jer-

393 2749 673 2817 husalem
722 2761 785 2817 et
832 2751 1042 2817 Sicilie
1090 2752 1535 2835 respondeatur
1580 2752 1643 2814 in
1690 2749 1807 2815 hac
1855 2751 2087 2815 forma:

600 2840 923 2916 DominuS,
972 2840 1328 2916 consiliarii,
1397 2840 1603 2922 capita
1649 2838 1724 2904 de
1771 2839 1901 2914 XL,
1968 2858 2066 2903 ser
2125 2838 2516 2902 Justinianus
2563 2836 2956 2912 Justiniano,
3023 2855 3124 2901 ser

394 2924 689 2992 Nicolaus
737 2927 953 3009 Volpe,
1003 2947 1100 2991 ser
1149 2928 1398 2992 Marcus
1447 2928 1688 3002 Ruzini,
1735 2945 1833 2990 ser
1878 2926 2146 2990 Thomas
2197 2925 2444 3001 Viadro,
2493 2925 2827 3007 sapientes
2884 2922 3119 3006 Capta:

400 3015 755 3080 serenitatis
802 3018 1005 3080 vestre
1052 3015 1294 3079 litteras
1344 3015 1687 3096 recepimus
1741 3014 2165 3091 continenteS,
2232 3013 2390 3095 quod
2437 3014 2699 3095 treugua
2745 3013 2882 3076 octo
2929 3030 3125 3076 anno-

393 3119 528 3164 rum
577 3104 654 3166 ob
695 3103 809 3166 hoc
857 3104 1017 3167 inter
1065 3106 1330 3168 vestram
1372 3103 1770 3167 serenitatem
1819 3105 1883 3166 et
1923 3120 2033 3166 nos
2067 3102 2358 3165 extiterat
2405 3099 2687 3164 ordinata
2730 3101 2794 3163 et
2838 3098 3118 3179 firmata,

399 3189 469 3251 ut
511 3190 573 3253 in
622 3190 757 3273 ipso
795 3193 1075 3273 tempore
1120 3191 1284 3254 dicte
1331 3193 1587 3270 treugue
1653 3207 1770 3272 pax
1817 3191 2113 3272 perpetua
2175 3188 2374 3271 possit
2437 3188 2670 3252 firmari
2717 3189 2783 3251 et
2828 3186 3120 3267 ordinari,

393 3277 457 3338 et
501 3277 660 3358 quod
705 3278 964 3341 instanti
1014 3280 1291 3361 tempore
1354 3280 1597 3342 nostros
1663 3277 2092 3341 ambaxatores
2159 3277 2409 3340 mittere
2481 3276 2835 3358 poteramus
2897 3274 2974 3340 ad
3019 3294 3125 3340 ve-

398 3364 590 3427 stram
641 3365 1044 3447 presenciam,
1095 3369 1158 3430 et
1204 3368 1409 3430 vestra
1456 3366 1756 3428 serenitas
1812 3363 1892 3427 ad
1942 3384 2049 3430 nos
2097 3365 2342 3447 poterat
2400 3363 2706 3428 destinare
2749 3365 2892 3439 etc.,
2940 3363 3126 3447 prout

394 3449 458 3513 in
504 3452 655 3533 ipsis
706 3453 935 3518 litteris
972 3453 1331 3518 distinctius
1400 3451 1768 3516 continetur.
1842 3449 2078 3529 Quibus
2137 3451 2380 3534 plenius
2440 3450 2777 3515 intellectis
2840 3452 2905 3515 et
2948 3449 3120 3526 visis,

394 3556 501 3619 per
535 3544 852 3622 presentes
899 3543 1178 3606 ducimus
1225 3540 1747 3624 respondendum,
1813 3539 1970 3622 quod
2032 3540 2185 3603 illud
2251 3539 2410 3603 idem
2474 3536 2856 3621 propositum
2881 3587 2897 3615 ,
2962 3536 3125 3620 quod

400 3625 588 3691 habet
634 3628 710 3692 de
755 3647 904 3711 pace
951 3631 1247 3711 perpetua
1294 3627 1710 3692 confirmanda
1758 3627 1922 3690 inter
1968 3630 2215 3709 partes,
2265 3645 2377 3691 nos
2439 3627 2629 3691 etiam
2686 3625 3018 3690 habuimus
3064 3624 3131 3689 et

398 3712 713 3793 habemuS,
767 3716 929 3780 sicut
973 3716 1122 3780 deus
1154 3715 1349 3799 plene
1413 3716 1599 3790 novit,
1651 3715 1752 3797 qui
1819 3733 2066 3797 semper
2127 3713 2416 3797 dispositi
2490 3712 2722 3778 fuimus
2786 3714 2851 3777 et
2911 3729 3126 3777 sumus

398 3819 503 3881 pro
548 3805 759 3867 nostra
803 3807 1000 3886 parte,
1055 3806 1126 3868 ut
1171 3805 1430 3867 durante
1472 3804 1640 3866 dicta
1685 3806 1951 3884 treugua
1997 3803 2174 3866 fieret
2201 3804 2493 3884 perpetua
2527 3803 2592 3865 et
2620 3819 2778 3883 pura
2825 3817 2964 3881 pax,
3014 3817 3124 3882 per

396 3907 578 3970 quam
626 3909 801 3955 amor
848 3892 913 3955 et
958 3890 1386 3956 benevolentia
1429 3892 1645 3953 mutua
1692 3890 1889 3972 possit
1961 3890 2022 3953 in
2088 3889 2368 3953 futurum
2432 3889 2700 3970 recipere
2763 3888 3124 3951 continuum

402 3976 869 4043 incrementum
917 3979 961 4060 †
1010 3980 1092 4043 Et
1134 3984 1207 4043 ut
1247 3979 1382 4055 hoc,
1433 3977 1592 4064 quod
1656 3977 2104 4060 supradicitur,
2172 3985 2389 4059 pareat
2445 3995 2554 4059 per
2617 3974 2942 4052 effectum,
3005 3972 3126 4037 nisi

397 4062 552 4128 forte
598 4084 778 4129 casus
828 4066 1251 4142 mortalitatis
1301 4085 1419 4149 que
1468 4084 1603 4129 esse
1649 4066 1875 4129 dicitur
1936 4065 1999 4129 in
2063 4065 2345 4147 partibus
2411 4063 2717 4146 Ungarie,
2791 4081 2897 4144 per
2942 4080 3123 4144 quem

399 4149 561 4216 cives
609 4154 804 4217 nostri
853 4157 1152 4219 timerent
1195 4155 1402 4219 venire
1449 4153 1527 4216 ad
1575 4152 1717 4216 illas
1765 4154 1991 4234 parteS,
2041 4153 2186 4235 quia
2234 4153 2306 4215 de
2353 4169 2512 4215 anno
2539 4151 2838 4234 preterito
2886 4148 3123 4214 substi-

400 4254 663 4304 nuerunt
709 4260 923 4306 casum
973 4243 1244 4314 similem
1293 4240 1728 4318 mortalitatis,
1788 4240 2139 4322 solempnes
2204 4239 2635 4304 ambaxatores
2680 4240 2923 4302 nostros
2985 4254 3126 4321 pre-

398 4328 744 4393 sentialiter
793 4331 1217 4402 mitteremus;
1269 4329 1373 4392 sed
1421 4327 1652 4404 habito,
1704 4328 1863 4410 quod
1902 4328 2256 4403 cessaverit,
2307 4326 2448 4390 illos
2494 4328 2569 4390 ad
2609 4324 2971 4390 excellentie
3019 4342 3126 4388 ve-

396 4415 522 4477 stre
569 4416 837 4480 culmem
885 4417 1405 4481 transmittemus
1457 4416 1691 4479 Verum
1735 4415 1786 4478 si
1836 4414 2085 4479 interim
2152 4415 2212 4478 in
2261 4414 2375 4479 hoc
2437 4413 2733 4496 temporis
2797 4410 3126 4477 intervallo

394 4500 616 4583 aliquis
666 4505 882 4569 modus
929 4505 1029 4568 vel
1076 4504 1245 4569 aliud
1289 4503 1606 4586 quodlibet
1650 4502 1961 4566 videretur
2017 4521 2152 4566 esse
2198 4501 2466 4566 fiendum
2514 4500 2833 4565 serenitati
2891 4501 3116 4575 vestre,

395 4592 617 4669 potest,
666 4592 959 4675 quicquid
1025 4593 1263 4674 placet,
1329 4592 1678 4666 declarare,
1744 4609 1886 4654 cum
1951 4607 2197 4672 semper
2243 4590 2636 4670 disponamus
2703 4586 2782 4650 ad
2850 4587 3126 4650 vestrum

396 4676 676 4760 quodque
724 4682 1014 4762 spectans
1060 4679 1138 4744 ad
1185 4679 1711 4744 conservationem
1783 4678 1956 4760 pacis
2004 4680 2296 4804 perpetue
2342 4680 2407 4741 et
2456 4675 2657 4739 mutui
2704 4674 2936 4738 amoris
2983 4689 3128 4736 con·

396 4762 636 4829 tinuum
683 4766 1154 4835 incrementum.
1201 4768 1308 4831 51.
