3620 5282
2986 301 3066 368 61

806 472 1022 555 CIX.
1078 473 1288 556 God.
1343 472 1574 555 1364.
1627 472 1733 555 24
1781 470 2142 573 sicema,
2196 494 2253 554 u
2309 472 2603 574 Senju.

341 618 524 691 Njekz·
568 615 823 690 Senjani
857 617 1054 689 jamd‘e
1097 632 1172 676 za
1216 616 1332 674 dvc:
1373 616 1541 688 svoja
1583 616 2046 689 suyradjanina,
2092 616 2231 687 koja
2274 632 2347 674 su
2389 631 2451 672 se
2495 614 2768 673 obvezala
2809 616 2928 674 bila
2959 617 3081 675 slu-

990 704 1098 762 biti
1143 703 1443 762 Mletcane
1476 703 1645 775 proti
1690 703 2106 762 buntovnikom
2152 720 2198 763 u
2247 703 2441 761 Kreti.

556 822 923 905 Exemplum
989 821 1388 887 instrumenti
1449 821 1710 903 plezarie
1773 821 2033 904 prestito
2092 841 2203 903 per
2275 820 2512 884 nobiles
2576 821 2735 885 viros
2800 820 3082 904 Moysem

343 908 543 973 filium
604 909 827 974 iudicis
893 910 1167 974 Bartholi
1230 911 1303 973 de
1363 906 1591 993 Segnia
1651 911 1716 974 et
1771 908 2102 974 Nicolaum
2165 908 2363 972 filium
2428 907 2732 991 quondam
2807 907 3080 975 Vicencii

345 996 611 1061 Vindeni
655 998 734 1075 de
781 995 1089 1075 Cherlino,
1157 996 1247 1061 ire
1311 995 1669 1061 debentium
1732 1015 1875 1060 cum
1935 998 2184 1060 centum
2244 995 2557 1076 equitibus
2618 997 2696 1060 ad
2753 996 3075 1062 servitium

348 1084 585 1149 domini
631 1083 807 1149 ducis
855 1084 920 1148 et
963 1082 1306 1148 communis
1349 1083 1750 1148 Veneciarum
1797 1084 1858 1147 in
1907 1082 2178 1148 Cretam.

558 1171 630 1234 In
676 1170 774 1235 dei
823 1170 1070 1235 nomine
1116 1188 1317 1234 amen.
1363 1168 1547 1235 Anno
1590 1170 1827 1234 domini
1887 1188 1926 1235 a
1984 1169 2315 1234 nativitate
2372 1170 2644 1234 eiusdem
2709 1168 3081 1236 millessimo

347 1258 783 1322 trecentesimo
852 1259 1232 1358 sexagesimo
1299 1259 1541 1339 quarto,
1612 1256 1947 1321 indictione
2003 1258 2284 1331 secunda,
2331 1257 2428 1321 die
2492 1256 2790 1339 vigesimo
2858 1261 3080 1345 quarto

348 1346 577 1409 mensis
638 1345 918 1410 ianuarii.
982 1344 1386 1426 Temporibus
1448 1346 1729 1427 equidem
1793 1346 2024 1408 domini
2074 1343 2361 1407 Lodovici
2409 1345 2503 1407 dei
2551 1343 2755 1425 gratia
2816 1346 3083 1409 serenis-

349 1430 493 1496 simi
555 1432 719 1516 regis
783 1432 1141 1515 Hungarie‚
1223 1432 1589 1496 venerabilis
1655 1432 1848 1512 patris
1902 1428 2140 1494 domini
2214 1429 2429 1494 fratris
2489 1430 2788 1494 Prothine
2867 1431 3080 1497 eadem

348 1518 554 1601 gratia
598 1519 865 1601 episcopi
926 1518 1315 1602 SegniensiS,
1382 1518 1968 1601 magnificorumque
2035 1517 2424 1582 dominorum
2490 1515 2783 1598 Stephani
2844 1521 2909 1581 et
2969 1518 3082 1583 Jo-

349 1606 569 1670 hannis
615 1606 829 1689 Vegle,
893 1606 1226 1685 Modrusie,
1288 1606 1570 1671 Ghezche
1615 1606 1679 1670 et
1723 1604 2011 1669 Vinodoli
2058 1604 2351 1669 comitum
2402 1607 2465 1669 et
2528 1604 2802 1668 civitatis
2851 1604 3076 1688 Segnie

348 1691 733 1757 dominorum
781 1694 1184 1776 generalium,
1257 1692 1481 1757 nobilis
1528 1692 1750 1757 militis
1797 1691 2030 1756 domini
2095 1690 2340 1756 Andree
2401 1689 2798 1767 vicecomitis,
2858 1690 3080 1757 Jacobi

350 1780 659 1863 quondam
713 1780 935 1844 indicis
981 1779 1217 1859 Cosme,
1267 1779 1476 1844 Veroli
1523 1779 1830 1862 quondam
1893 1778 2116 1843 iudicis
2164 1778 2422 1856 Dimini,
2487 1780 2552 1842 et
2605 1777 2826 1843 Jacobi
2884 1796 3082 1860 quon-

350 1866 495 1931 dam
550 1866 772 1931 iudicis
821 1866 1097 1945 Vidonis,
1158 1866 1427 1931 iudicum
1475 1868 1745 1932 civitatis
1809 1866 2101 1947 predicte.
2151 1866 2380 1929 Actum
2441 1864 2506 1928 in
2562 1865 2813 1930 civitate
2857 1863 3081 1949 Segnie

350 1953 413 2017 iu
460 1942 724 2019 statione
766 1954 1171 2019 habitationis
1217 1973 1319 2018 ser
1366 1946 1594 2019 Marcis
1642 1952 1810 2019 Slavi
1859 1953 1935 2017 de
1988 1953 2286 2027 veneciis,
2335 1953 2724 2034 presentibus
2784 1952 2917 2034 ipso
2981 1971 3081 2018 ser

349 2041 563 2107 Marco
611 2041 851 2119 Sclavo‚
900 2061 1000 2107 ser
1046 2041 1418 2106 Francischo
1467 2039 1730 2106 Sacheto
1787 2042 1862 2104 de
1910 2040 2212 2113 VeneciiS,
2275 2038 2511 2103 Jacobo
2575 2039 2704 2102 filio
2767 2039 3080 2121 quondam
3164 2070 3191 2095 κ

349 2128 568 2193 iudicis
615 2129 890 2211 Philippi
937 2129 1009 2193 de
1057 2126 1302 2213 Segnia,
1347 2126 1646 2192 Michaele
1693 2125 2030 2209 Campiono
2061 2128 2135 2190 de
2164 2127 2468 2204 Veneciis,
2519 2127 2584 2190 et
2628 2125 2767 2191 aliis
2810 2127 3080 2191 testibus

349 2215 430 2280 ad
479 2216 590 2280 hec
632 2217 884 2291 vocatis,
930 2216 1162 2280 habitis
1208 2218 1272 2279 et
1316 2215 1567 2298 rogatis.
1617 2214 1774 2279 Cum
1833 2214 2099 2279 illustris
2161 2218 2224 2277 et
2285 2212 2560 2278 excelsus
2622 2212 2911 2277 dominus
2972 2214 3083 2280 do-

349 2302 557 2366 minus
603 2303 969 2368 Laurentius
1016 2302 1182 2367 Celsi
1229 2303 1325 2367 dei
1372 2302 1578 2385 gratia
1622 2302 1744 2365 dux
1789 2302 2189 2366 venetiarum
2236 2303 2376 2378 etc.,
2443 2319 2583 2364 cum
2630 2301 3080 2366 communitate

352 2406 468 2452 sua
512 2391 850 2471 susceperit
894 2391 972 2455 ad
1027 2409 1208 2454 suum
1268 2391 1588 2454 servitium
1643 2391 1708 2453 et
1763 2388 2006 2453 soldum
2066 2390 2280 2452 contra
2342 2387 2605 2452 rebelles
2667 2405 2813 2451 suos
2874 2387 3077 2453 insule

355 2473 538 2539 Crete
584 2475 819 2541 nobiles
868 2478 1027 2541 viros
1075 2476 1382 2560 Moysium
1429 2476 1632 2541 filium
1678 2476 1897 2540 iudicis
1945 2475 2223 2540 Bartholi
2274 2475 2346 2539 de
2394 2472 2621 2557 Segnia
2654 2475 2718 2538 et
2747 2473 3080 2542 Nicolaum

355 2561 553 2626 filium
611 2564 916 2647 quondam
982 2565 1253 2629 Vincecii
1314 2563 1578 2628 Vindeni
1639 2561 1716 2627 de
1778 2560 2088 2639 Cherlino,
2156 2562 2259 2646 qni
2320 2561 2502 2626 ambo
2563 2562 2628 2625 et
2686 2560 2749 2624 in
2812 2559 3077 2628 solidum

353 2649 784 2732 promiserunt,
847 2654 1262 2717 convenerunt
1318 2654 1383 2716 et
1426 2670 1492 2716 se
1528 2652 1960 2732 obligaverunt
2020 2650 2109 2713 ire
2164 2650 2564 2731 personaliter
2622 2667 2763 2714 cum
2827 2651 3078 2715 centum

359 2738 531 2802 bonis
573 2740 638 2803 et
685 2739 1138 2804 sufficientibus
1186 2739 1539 2803 bominibus
1590 2740 1650 2802 in
1700 2739 1875 2801 bonis
1942 2739 2005 2802 et
2065 2736 2515 2801 sufficientibus
2578 2738 2752 2818 equis
2817 2738 2882 2801 et
2926 2737 3082 2802 bene

361 2825 617 2889 armatis
678 2829 740 2890 et
802 2827 1034 2908 paratis
1095 2827 1380 2890 omnibus
1437 2826 1630 2889 armis
1692 2825 2052 2906 opportunis
2114 2825 2190 2887 ad
2247 2825 2479 2888 dictum
2553 2822 2872 2887 servitium
2939 2841 3081 2888 cum

279 2989 280 2992 Ἴ
361 2912 547 2977 certis
594 2915 804 2995 pactis
843 2918 906 2978 et
955 2913 1475 2990 conventionibuS‚
1524 2932 1644 2996 que
1687 2914 1966 2977 constare
2014 2912 2302 2976 dicuntur
2363 2911 2424 2974 in
2488 2909 2665 2973 libris
2714 2910 3082 2974 cancellarie

361 2998 558 3081 ipsius
606 3000 839 3064 domini
886 3001 1077 3077 ducis,
1126 3017 1385 3083 quorum
1433 3001 1680 3083 quidem
1728 3002 2046 3082 pactorum
2094 3000 2267 3080 copia
2314 3001 2409 3062 est
2453 3016 2636 3079 penes
2693 2997 2858 3078 ipsos
2908 2997 3082 3080 Moy-

359 3104 493 3150 sem
542 3087 605 3149 et
651 3086 996 3166 Nicolaum,
1045 3089 1383 3152 secundum
1433 3087 1588 3171 quod
1654 3089 1840 3151 iidem
1885 3086 2131 3168 Moyses
2186 3087 2252 3150 et
2295 3084 2586 3149 Nicolaus
2646 3084 2708 3148 in
2774 3086 3081 3166 presentia

360 3173 484 3236 mei
534 3175 756 3238 notarii
803 3177 866 3238 et
915 3175 1168 3238 testium
1213 3175 1772 3256 suprascriptorum
1821 3175 1943 3255 legi
1990 3173 2266 3238 fecerunt
2327 3174 2509 3254 pacta
2555 3171 2707 3253 ipsa.
2770 3172 2852 3236 Et
2912 3172 3081 3236 illico

363 3259 624 3325 confessi
667 3264 734 3326 et
776 3261 1057 3326 conventi
1121 3261 1372 3325 fuerunt
1430 3261 1595 3326 sicut
1653 3280 1803 3326 esse.
1874 3261 2051 3325 Nunc
2119 3262 2325 3325 autem
2398 3259 2853 3341 suprascriptus
2916 3260 3081 3324 idem

366 3347 544 3412 iudex
611 3348 945 3413 Bartholus
1007 3350 1182 3430 pater
1241 3348 1436 3430 ipsius
1496 3349 1730 3431 Moysis
1789 3349 2176 3425 confirmanS,
2238 3346 2552 3411 ratificans
2612 3351 2675 3411 et
2733 3346 3084 3429 approbans

360 3436 566 3499 omnia
612 3438 676 3498 et
722 3435 966 3517 singula
1009 3436 1073 3498 in
1120 3435 1273 3516 ipsis
1326 3436 1524 3516 pactis
1556 3437 1862 3511 contenta,
1909 3436 1985 3498 in
2004 3436 2309 3516 quantum
2339 3434 2546 3515 ipsum
2589 3452 2696 3498 sen
2734 3434 3080 3536 predictum

361 3520 639 3604 Moysem
690 3521 891 3585 filium
937 3540 1117 3585 suum
1162 3523 1433 3603 tangunt
1478 3522 1576 3586 vel
1643 3526 1899 3605 tangere
1957 3523 2224 3603 possent,
2286 3523 2577 3603 tanquam
2647 3523 2754 3620 qui
2811 3521 2888 3586 de
2950 3522 3084 3586 eius

361 3624 658 3672 consensu
707 3609 771 3672 et
815 3608 1107 3672 mandato
1153 3626 1436 3689 expresso
1478 3610 1716 3692 pepigit
1759 3611 1826 3673 et
1870 3609 2168 3685 convenit,
2240 3627 2312 3673 ac
2368 3608 2608 3673 nobiles
2669 3608 2783 3672 viri
2844 3608 3081 3673 domini

358 3691 638 3759 Andreas
657 3698 1013 3777 prenotatus
1040 3696 1105 3759 et
1119 3694 1455 3758 Bartholus
1471 3696 1660 3778 judex
1677 3696 1899 3779 Segnie
1928 3702 1989 3760 et
2015 3695 2236 3760 Frixon
2247 3714 2314 3760 us
2332 3695 2601 3760 vicarius
2620 3693 2847 3777 Segnie
2870 3712 3081 3759 omnes

362 3783 489 3846 tres
535 3782 724 3847 simul
784 3786 850 3849 et
895 3783 1271 3848 concorditer
1333 3800 1404 3846 ac
1446 3782 1707 3863 quilibet
1767 3801 1979 3848 eorum
2046 3783 2109 3847 in
2171 3783 2435 3848 solidum
2497 3782 2953 3846 constituerunt
3014 3800 3081 3845 se

361 3867 589 3950 plezios
637 3888 709 3933 ac
754 3871 1139 3935 fideiussores
1188 3869 1352 3934 dioto
1398 3868 1644 3933 domino
1691 3871 1833 3935 duci
1879 3873 1942 3934 et
1999 3870 2432 3934 communitati
2495 3869 2900 3935 Veneciarum
2971 3886 3082 3948 pro

362 3955 543 4020 dictis
589 3956 804 4039 Moyse
851 3959 915 4021 et
964 3955 1220 4022 Nicolao
1262 3959 1326 4021 et
1369 3975 1477 4038 pro
1522 3973 1732 4020 eorum
1783 3959 2062 4039 utroque,
2111 3957 2189 4020 ad
2236 3976 2415 4038 quem
2481 3956 2577 4019 vel
2635 3955 2714 4021 ad
2777 3973 2923 4037 quos
2985 3954 3082 4037 ip·-

361 4059 569 4106 sorum
617 4044 1051 4127 principalium
1099 4064 1207 4109 seu
1255 4044 1685 4108 fideiussorum
1731 4045 1936 4109 dictus
1982 4045 2266 4108 dominus
2313 4045 2430 4106 dux
2492 4043 2557 4106 et
2614 4042 2746 4106 eius
2803 4059 3082 4106 commu-

359 4130 525 4212 nitas
574 4131 837 4195 voluerit
878 4150 942 4195 se
989 4135 1197 4195 tenere
1239 4131 1302 4195 in
1345 4132 1518 4212 parte
1565 4134 1629 4193 et
1661 4133 1793 4195 toto
1827 4132 1899 4195 de
1931 4131 2217 4195 omnibus
2250 4135 2313 4193 et
2342 4127 2604 4211 singulis
2639 4127 3079 4210 infrascriptis:

358 4216 568 4281 Primo
639 4218 942 4295 videlicet,
1012 4220 1170 4299 quod
1238 4218 1387 4282 dicti
1451 4218 1692 4299 Moyses
1737 4219 1802 4282 et
1847 4217 2143 4282 Nicolaus
2202 4236 2343 4282 cum
2416 4220 2545 4282 tota
2611 4232 2723 4280 sua
2788 4215 3082 4280 comitiva

301 4383 310 4390 ἱ
357 4321 548 4386 supra
593 4305 947 4385 specificata
992 4305 1146 4369 bene
1190 4308 1432 4369 armata
1477 4306 1544 4368 et
1587 4303 1806 4369 fulcita
1852 4293 2036 4367 erunt
2081 4305 2284 4386 parati
2328 4304 2393 4366 in
2437 4302 2568 4366 loco
2612 4301 2732 4366 sibi
2786 4301 3081 4384 deputato

356 4410 502 4456 cnm
562 4391 848 4455 omnibus
904 4391 1032 4455 suis
1099 4393 1271 4492 equis
1332 4394 1399 4456 et
1452 4390 1644 4456 armis
1690 4391 1769 4455 ad
1815 4392 2150 4455 terminum
2197 4390 2620 4471 specificatum
2664 4388 2950 4454 videlicet
3018 4391 3080 4454 in

354 4477 627 4543 calendis
689 4478 905 4541 marcii
966 4478 1222 4559 proximi
1285 4496 1391 4559 pro
1451 4479 1828 4543 ascendendo
1890 4496 2028 4542 cum
2093 4477 2244 4560 ipsis
2291 4477 2353 4540 in
2411 4475 2657 4560 navigio
2703 4475 2780 4540 ad
2836 4494 3080 4540 omnem

356 4565 817 4647 requisitionem
866 4566 1015 4628 dicti
1062 4566 1293 4630 domini
1341 4566 1516 4631 ducis
1561 4583 1671 4629 seu
1701 4564 2191 4646 deputandorum
2225 4564 2302 4628 ab
2343 4564 2493 4645 ipso-
2539 4565 2698 4632 Item
2734 4562 2894 4646 quod
2927 4563 3080 4628 dicti

356 4649 603 4738 Moyses
650 4655 714 4718 et
760 4653 818 4717 N
826 4650 1058 4717 icolaus
1105 4655 1170 4717 et
1216 4654 1470 4735 uterque
1516 4651 1790 4734 ipsorum
1838 4669 1980 4715 cum
2028 4652 2159 4716 tota
2205 4668 2418 4716 eorum
2463 4650 2757 4717 comitiva
2816 4651 2971 4716 bene
3017 4652 3080 4718 et
