3620 5282
415 357 501 427 26

413 536 683 603 Johanni
730 537 1054 623 Delphyno
1100 538 1196 601 dei
1244 536 1455 621 gracia
1494 538 1708 605 inclito
1771 537 1911 603 duci
1965 537 2391 604 Veneciaium.
2447 537 2920 604 Bartholomeus
2952 538 3155 625 -Ursiq
3278 550 3289 557 '

412 628 690 691 notarius
738 627 965 690 missus
1012 626 1074 691 in
1120 626 1441 709 Hungaria
1488 644 1593 708 pro
1637 626 1829 691 novis.

503 715 663 778 Clas.
717 714 881 776 XIV
927 716 1065 778 Cod.
1110 716 1254 777 Lat.
1297 714 1549 794 LXXI,
1597 734 1639 775 u
1684 717 2001 777 Marciani
2044 735 2086 775 u
2128 716 2392 777 Mletcih.

771 906 1172 988 XLVIII.
1229 906 1435 990 Gou.
1494 906 1724 989 1360.
1781 904 1831 988 5
1885 906 2226 1007 ozuij
2281 927 2342 987 u
2394 905 2788 989 Mleteih.

738 1047 891 1109 Ivan
936 1046 1304 1110 Sibencanin
1348 1051 1605 1111 obderem
1649 1051 1787 1125 sboy
1832 1050 2118 1109 viernosti
2163 1052 2487 1123 vojniekom
2531 1050 2810 1111 sluibom.

622 1170 794 1236 1360
839 1170 935 1233 die
979 1169 1021 1231 5
1070 1169 1304 1245 marcii,
1354 1171 1569 1252 capta:
1619 1171 1778 1253 quod
1840 1168 2183 1233 attentibus
2238 1169 2481 1233 meritis
2540 1167 2884 1243 fidelitatis,
2952 1188 3144 1251 quam

393 1259 718 1333 ,Iohannes
766 1257 1025 1323 condam
1074 1257 1302 1321 Tuschi
1348 1257 1424 1322 de
1472 1256 1743 1322 Sibiuico
1790 1260 1852 1321 et
1901 1256 2322 1338 progenitores
2390 1256 2483 1320 sui
2548 1257 2921 1321 continuatis
2983 1260 3147 1321 tem-

409 1346 660 1431 poribus
708 1347 786 1410 ad
833 1347 1105 1409 nostrum
1152 1346 1496 1410 dominium
1547 1346 1830 1429 gesserit,
1882 1345 2032 1408 dum
2064 1346 2138 1409 ad
2175 1343 2581 1407 obedientiam
2616 1346 2893 1408 nostram
2935 1343 3141 1421 fuerit,

409 1453 550 1499 cum
611 1435 697 1498 sit
755 1452 793 1497 a
857 1433 1056 1513 patria
1118 1451 1228 1497 sua
1273 1432 1429 1510 exul,
1493 1434 1606 1499 fiat
1661 1433 1776 1497 sibi
1844 1433 2046 1514 gratia
2105 1431 2277 1495 iuxta
2324 1431 2779 1513 responsionem
2837 1431 3146 1513 capitanei

409 1520 603 1588 nostri
660 1520 943 1597 Tarvisii,
1008 1520 1168 1603 quod
1233 1520 1458 1586 habeat
1519 1523 1670 1586 duas
1727 1525 1943 1603 postas
2005 1522 2320 1602 equestres
2395 1521 2457 1583 in
2511 1518 2787 1584 Tarvisio
2850 1522 3142 1584 vacantes

406 1613 469 1677 iu
531 1608 826 1674 banderia
889 1609 1517 1688 ultramontanorum,
1583 1627 1737 1691 quas
1802 1608 2086 1673 teneatur
2146 1607 2300 1673 bene
2347 1605 2599 1684 fulcire,
2665 1626 2781 1671 uon
2837 1608 3149 1681 obstante,

405 1696 563 1782 quod
612 1715 731 1761 non
777 1698 862 1761 sit
910 1697 1429 1761 ultramontanus.

493 1788 673 1847 Misti
723 1784 958 1846 XXIX
1002 1790 1102 1862 50,
1152 1806 1195 1847 u
1241 1788 1396 1847 mlet.
1444 1788 1682 1847 arkivu.

794 1977 1109 2058 xmx.
1165 1976 1370 2060 nou.
1415 1952 1659 2060 1360.
1716 1975 1809 2058 12
1865 1976 2204 2078 ozujka,
2260 1998 2317 2057 u
2370 1975 2762 2058 metam.

407 2104 722 2179 Odyovara
764 2121 827 2163 se
872 2122 952 2161 na
999 2104 1262 2177 zahtjeve
1308 2104 1467 2162 bana
1512 2103 1889 2178 hrvatskoya,
1940 2108 1994 2164 tc
2038 2121 2100 2163 se
2145 2103 2431 2176 odbijaju,
2474 2104 2662 2162 dodim
2705 2120 2768 2163 se
2832 2105 2908 2162 od
2967 2104 3147 2176 njeya

404 2194 578 2253 trabi.
637 2193 719 2251 da
768 2209 851 2264 po
916 2192 1141 2252 uvietih
1198 2192 1356 2250 mira
1415 2193 1747 2251 mletackim
1791 2193 2145 2264 podanikom
2210 2193 2467 2266 pravicu
2513 2192 2674 2250 diali.
2745 2192 3039 2264 Napokon
3084 2208 3147 2249 se

403 2281 694 2354 odlucuje,
741 2281 822 2339 da
866 2297 929 2340 se
970 2280 1217 2340 educere
1263 2281 1456 2350 oseba,
1513 2280 1698 2427 1⁶35ss
1701 2281 1770 2427 1όί
1809 2282 2121 2427 ZZch-pati
2165 2281 2346 2340 vladu
2406 2297 2450 2338 u
2498 2280 2774 2352 procieni
2832 2280 3057 2338 dobara
3101 2296 3144 2337 u

525 2526 528 2529 .
621 2469 788 2534 1360
834 2468 1164 2534 indictione
1218 2470 1394 2547 XIII,
1445 2469 1556 2533 die
1618 2470 1740 2534 XII
1802 2470 2033 2535 martii.
2104 2469 2455 2537 Consiliarii
2511 2472 2573 2535 et
2633 2468 2856 2552 capita.
2907 2466 3140 2549 Capta:

403 2557 561 2643 quod
608 2556 1048 2639 respondeatur
1095 2558 1341 2621 domino
1399 2555 1599 2621 banno
1645 2557 1984 2623 Sclavonie.
2048 2559 2130 2623 Et
2173 2558 2373 2644 primo
2430 2558 2508 2622 ad
2555 2558 2634 2636 id,
2710 2555 2869 2640 quod
2923 2556 3144 2619 scribit

400 2650 478 2712 de
524 2647 779 2730 pecunia
822 2645 1069 2710 comitis
1115 2646 1268 2727 Pagi
1317 2648 1380 2711 et
1425 2646 1500 2709 de
1546 2650 1739 2713 armis
1782 2646 2198 2721 Jadreusium,
2247 2649 2407 2730 quod
2465 2647 2764 2711 miramur
2824 2644 2900 2708 de
2963 2649 3140 2708 tanta

401 2734 710 2817 sapientia
770 2735 1002 2817 quauta
1066 2736 1164 2797 est
1222 2733 1286 2797 in
1348 2752 1437 2810 eo,
1505 2736 1652 2815 quia
1713 2735 1843 2818 ipse
1893 2736 2046 2800 bene
2092 2737 2230 2810 scit,
2290 2735 2451 2818 quod
2512 2755 2620 2818 per
2680 2752 2895 2817 pacem
2957 2735 3023 2796 et
3070 2751 3139 2795 ex

403 2821 602 2887 forma
644 2821 812 2904 pacis
860 2821 1065 2886 omnia
1111 2821 1235 2887 ista
1280 2821 1484 2903 sopita
1530 2824 1594 2887 et
1639 2825 1899 2888 remissa
1944 2825 2109 2888 suut.
2157 2824 2237 2888 Et
2282 2824 2333 2887 si
2369 2824 2677 2905 Pagenses
2709 2824 2775 2885 et
2808 2820 3141 2886 Jadrenses

404 2912 470 2974 et
515 2909 632 2974 alie
677 2910 982 2986 civitates,
1031 2927 1183 2992 quas
1229 2911 1292 2975 in
1343 2910 1663 2976 Dalmacia
1711 2911 2097 2990 tenebamuS,
2147 2911 2377 2976 vellent
2437 2913 2600 2975 stare
2655 2911 2731 2974 ad
2769 2907 3143 2991 responden-

403 2996 549 3061 dum
595 2997 770 3062 nobis
838 2997 914 3061 de
962 2998 1100 3071 hiis,
1165 3017 1280 3081 que
1340 2998 1514 3063 uobis
1576 3000 1885 3075 tenentur,
1950 3003 2012 3063 et
2072 3018 2190 3081 que
2251 3018 2358 3082 pro
2417 2996 2882 3063 conservacione
2931 3013 3138 3061 eorum

404 3085 890 3167 expendidimus,
936 3085 1083 3150 dum
1130 3105 1233 3151 eos
1283 3087 1592 3151 tenuimus
1653 3087 1768 3151 sub
1833 3089 2041 3151 nostro
2103 3086 2422 3169 regimine,
2485 3086 2908 3151 invenirentur
2968 3083 3141 3148 nobis

403 3172 711 3237 debitores
758 3173 819 3237 in
870 3171 1065 3237 multo
1126 3173 1459 3238 maioribus
1502 3175 1764 3239 summis
1809 3174 2230 3256 pecuniarum,
2280 3192 2463 3257 quam
2513 3192 2620 3238 nos
2667 3172 2775 3237 eis.
2832 3172 2914 3234 Et
2959 3189 3143 3253 prop-

404 3262 572 3324 terea
615 3260 940 3336 credimuS,
999 3260 1157 3341 quod
1216 3260 1501 3324 domiuus
1565 3263 1802 3326 bannus
1867 3264 2017 3327 bene
2077 3262 2309 3327 faceret
2371 3280 2487 3327 non
2548 3260 2696 3324 dare
2757 3259 3139 3324 audienciam

402 3346 635 3411 talibus
680 3346 1184 3429 requisitionibus
1242 3348 1412 3411 velut
1458 3350 1812 3414 enormibus
1860 3353 1924 3415 et
1968 3349 2325 3415 inhonestis.
2372 3349 2534 3413 Nam
2568 3349 2640 3412 de
2677 3350 2970 3428 tempore,
3020 3362 3139 3428 quo

403 3434 673 3497 reximus
714 3438 779 3498 et
822 3434 1136 3499 tenuimus
1180 3434 1325 3500 illas
1388 3439 1603 3512 terras,
1652 3456 1771 3502 non
1817 3437 2112 3503 habemus
2160 3457 2230 3500 ex
2287 3437 2482 3501 forma
2534 3436 2704 3519 pacis
2758 3435 2945 3498 alicui
3001 3432 3140 3497 red·

403 3522 544 3586 dere
588 3521 918 3598 racionem,
983 3522 1173 3585 immo
1219 3522 1381 3588 credi
1446 3524 1628 3589 debet
1673 3526 1737 3589 et
1781 3524 2016 3604 haberi,
2079 3525 2243 3607 quod
2302 3543 2394 3600 ea,
2457 3543 2575 3606 que
2636 3543 2745 3606 per
2803 3541 2914 3587 nos
2975 3522 3141 3586 facta

401 3610 566 3685 sunt,
610 3608 783 3692 juste
825 3609 890 3674 et
933 3609 1255 3692 legiptime
1301 3611 1463 3676 facta
1510 3612 1675 3689 sunt,
1716 3615 1780 3677 et
1827 3613 2065 3678 utinam
2111 3630 2232 3676 non
2276 3612 2572 3677 deberent
2615 3610 2790 3674 nobis
2836 3610 2900 3674 in
2945 3608 3140 3673 maio-

399 3695 572 3761 ribus
617 3698 998 3780 respondere,
1046 3715 1234 3778 quam
1283 3717 1389 3763 nos
1437 3700 1545 3764 eis.
1612 3698 1712 3763 Ad
1772 3699 1835 3763 id
1900 3718 2057 3777 vero,
2124 3698 2280 3782 quod
2344 3700 2577 3776 scribit,
2642 3699 2798 3782 quod
2857 3717 2968 3780 per
3028 3714 3139 3760 nos

399 3784 740 3868 denegatur
786 3784 1036 3850 licentia
1081 3785 1155 3849 de
1201 3786 1410 3864 armis,
1457 3786 1618 3850 ferro
1665 3790 1729 3851 et
1752 3788 1892 3852 aliis
1936 3788 2287 3869 opportunis
2336 3806 2441 3868 pro
2483 3787 2666 3852 factis
2714 3785 2945 3850 domini
2976 3783 3142 3866 regis

400 3873 793 3938 extrahendis
856 3872 931 3936 de
976 3873 1261 3938 Veneciis
1324 3877 1389 3938 et
1436 3892 1542 3956 pro
1603 3874 2008 3941 Jadrensibus
2067 3874 2379 3950 similiter,
2446 3873 2908 3957 respondeatur,
2980 3871 3137 3953 quod

399 3959 462 4025 in
509 3961 678 4026 omni
723 3978 817 4038 ee,
879 3959 1040 4044 quod
1089 3978 1428 4043 possemuS,
1479 3961 1776 4026 vellemus
1823 3963 2203 4044 complacere
2249 3962 2494 4027 domino
2538 3961 2667 4044 regi
2715 3967 2780 4024 et
2840 3958 3141 4023 subdictis

403 4047 552 4112 suis.
605 4047 723 4113 Sed
770 4048 822 4113 si
871 4047 1199 4131 aliquando
1245 4049 1620 4130 prohibitum
1669 4052 1766 4113 est
1812 4050 1901 4114 eis
1947 4050 2263 4114 extrahere
2312 4069 2409 4114 res
2458 4050 2629 4126 istae,
2670 4049 2785 4112 hoc
2831 4049 3032 4130 potuit
3078 4047 3143 4110 et

402 4138 608 4216 potest
651 4135 995 4218 procedere,
1059 4135 1203 4218 quia
1248 4137 1605 4201 multotiens
1648 4137 1904 4216 occurit,
1952 4138 2110 4220 quod
2158 4138 2233 4200 de
2274 4137 2414 4203 istis
2462 4138 2646 4202 rebus
2708 4138 2872 4201 terra
2928 4136 3141 4199 nostra

401 4223 717 4301 penuriam
765 4224 1019 4307 patitur,
1067 4229 1131 4288 et
1174 4224 1256 4301 id,
1313 4224 1470 4307 quod
1514 4226 1927 4290 necessarium
1974 4228 2069 4290 est
2114 4243 2223 4307 pro
2281 4246 2393 4289 usu
2442 4228 2671 4301 nostre,
2722 4224 2773 4286 si
2818 4222 2958 4286 aliis
3020 4239 3139 4285 nou

402 4309 814 4385 concedimus,
873 4313 1029 4376 satis
1075 4330 1290 4375 sumus
1332 4313 1622 4383 excusati,
1672 4312 1816 4395 quia
1861 4313 2060 4378 omnis
2107 4314 2334 4378 caritas
2383 4312 2604 4394 incipit
2649 4331 2686 4374 a
2732 4330 2798 4375 se
2829 4310 2979 4392 ipse,
3031 4329 3141 4374 nec

402 4396 661 4474 possunt
704 4394 1036 4462 Jadrenses
1092 4400 1167 4462 de
1209 4399 1325 4464 boc
1362 4400 1647 4481 conqueri
1708 4401 1848 4483 plus
1896 4420 2079 4484 quarn
2125 4401 2243 4464 alie
2299 4402 2599 4477 nationes,
2663 4398 2807 4481 quia
2869 4397 3139 4461 similem

403 4479 876 4563 prohibitionem
942 4486 1200 4550 facimus
1256 4488 1588 4551 secundum
1654 4506 1836 4552 casus
1898 4489 2254 4553 occurentes
2317 4489 2503 4552 etiam
2568 4487 2729 4566 aliis,
2792 4489 2854 4549 et
2901 4485 3142 4566 quando

402 4585 730 4648 possumus
776 4567 851 4633 de
899 4571 1047 4653 ipsis
1098 4572 1412 4637 licenciam
1463 4576 1813 4650 concedere,
1862 4575 2268 4652 concedimuS,
2337 4578 2402 4639 et
2445 4577 2685 4657 quando
2744 4592 2859 4637 non
2926 4591 3142 4654 possu-

403 4672 565 4728 mus,
611 4671 732 4716 non
780 4657 1188 4735 concedimuS,
1239 4661 1474 4724 nullam
1517 4662 1679 4727 inter
1724 4665 1969 4744 gentem
2003 4666 2065 4727 et
2096 4662 2340 4744 gentem
2375 4662 2787 4726 differentiam
2822 4659 3139 4725 facientes.

401 4741 484 4804 Et
526 4756 635 4820 pro
683 4743 850 4802 certo
900 4744 1402 4825 quandocumque
1460 4747 1634 4811 nobis
1679 4752 2009 4831 constaret,
2056 4750 2219 4831 quod
2270 4767 2377 4832 pro
2439 4748 2620 4814 factis
2681 4749 2868 4831 regiis
2935 4747 3144 4829 aliqua
