3620 5282
2925 376 3045 443 147

340 555 547 619 munis
593 554 996 620 Veneciarum
1042 573 1284 620 omnem
1332 553 1797 637 promissionem
1846 553 1910 618 et
1953 552 2410 633 obligationem,
2471 551 2547 619 de
2608 570 2727 634 qua
2784 552 3047 620 invicem

340 643 749 723 convenerint,
798 644 862 708 et
906 643 1199 709 similiter
1245 662 1346 708 eas
1373 662 1410 707 a
1445 642 1625 707 dictis
1666 643 2161 745 procuratoribus
2208 644 2272 707 et
2314 640 2566 707 sindicis
2592 640 2821 706 domini
2872 641 3048 709 ducis

342 734 408 796 et
452 731 800 797 communis
845 732 1253 798 Veneciarum
1302 730 1470 816 regio
1517 733 1761 796 nomine
1806 732 2014 795 nostro
2055 729 2429 812 recipiendas
2472 748 2580 795 seu
2612 730 3046 813 recipiendum.

339 820 420 885 Et
493 821 653 903 quod
718 839 826 902 pro
898 821 1320 886 observatione
1386 839 1593 886 eorum
1657 819 1932 884 omnium
1988 823 2052 883 et
2096 819 2501 902 singulorum,
2560 838 2675 902 que
2720 819 2865 885 hinc
2908 819 3054 885 inde

339 911 644 990 promissa
684 912 748 973 et
789 912 967 992 gesta
1008 908 1258 987 fuerint,
1307 928 1417 973 nos
1464 910 1527 972 et
1573 908 1731 973 bona
1798 909 2008 972 nostra
2065 909 2130 972 et
2188 907 2440 972 heredes
2506 907 2928 990 obligandum,
2992 908 3057 974 et

340 998 417 1061 ab
463 996 615 1079 ipsis
662 999 1161 1080 procuratoribus
1223 1001 1286 1062 et
1331 995 1581 1061 sindicis
1638 997 1866 1061 domini
1915 996 2084 1060 ducis
2131 999 2193 1060 et
2255 996 2599 1060 communis
2643 995 3052 1061 Veneciarum

340 1084 779 1167 obligationem
831 1086 1240 1167 recipiendam
1289 1104 1395 1149 seu
1438 1084 1856 1167 recipiendum
1902 1088 2284 1167 perpetuam.
2348 1084 2507 1148 Item
2569 1085 2633 1148 et
2700 1084 3054 1167 specialiter

341 1173 419 1236 ad
465 1173 880 1256 recipiendum
926 1193 1033 1238 seu
1081 1174 1241 1238 alter
1286 1191 1496 1237 eorum
1536 1173 1952 1256 recipiendum
1996 1176 2060 1237 et
2108 1173 2551 1255 acceptandum
2614 1174 2692 1237 ab
2755 1172 2891 1259 ipso
2946 1172 3054 1238 do-

343 1262 509 1325 mino
552 1260 705 1326 duce
750 1265 813 1326 et
854 1281 1176 1326 commune
1226 1261 1627 1326 Veneciarum
1674 1280 1781 1326 seu
1846 1261 1925 1325 ab
1971 1278 2182 1326 eorum
2242 1261 2733 1342 procuratoribus
2795 1263 2859 1324 et
2925 1263 3055 1327 sin-

343 1349 497 1414 dicis
543 1369 955 1432 quascumque
994 1350 1297 1428 civitates,
1348 1354 1564 1424 terraS,
1613 1352 1839 1428 castra,
1875 1349 2094 1431 oppida
2152 1350 2218 1414 et
2270 1349 2408 1413 loca
2471 1367 2852 1433 quecumque
2914 1367 3053 1415 cum

345 1457 512 1502 mero
555 1441 619 1501 et
662 1440 853 1503 mixto
899 1439 1175 1521 imperio,
1224 1438 1662 1515 iurisdictione,
1711 1437 2111 1513 subiectione,
2159 1436 2503 1502 obedientia
2533 1439 2598 1503 et
2627 1437 2861 1503 ditione
2906 1456 3058 1520 quo-

343 1544 604 1609 cumque
650 1528 724 1590 ad
770 1527 972 1609 ipsum
1006 1527 1320 1591 dominnm
1354 1528 1569 1591 ducem
1601 1527 1666 1589 et
1696 1544 2019 1590 commune
2053 1525 2458 1590 Veneciarum
2492 1525 3054 1608 quomodocumque

342 1615 692 1694 spectantes
754 1616 851 1679 vel
913 1616 1272 1697 spectantia,
1334 1634 1489 1697 quas
1549 1617 1613 1679 et
1671 1633 1787 1697 que
1848 1612 2053 1678 dictus
2117 1614 2400 1678 dominus
2459 1614 2581 1678 dux
2626 1617 2690 1680 et
2735 1632 3057 1680 commune

345 1702 752 1767 Veneciarnm
801 1724 908 1768 seu
951 1703 1173 1767 sindici
1220 1705 1285 1769 et
1329 1705 1755 1786 procuratores
1800 1701 1897 1767 sui
1939 1721 2012 1766 ex
2056 1702 2252 1785 pactis
2298 1704 2362 1767 et
2407 1700 2471 1767 in
2515 1702 2715 1785 pactis
2746 1702 3059 1768 hincinde

347 1790 661 1856 firmandis
710 1796 772 1856 et
817 1791 1032 1857 fiendis
1078 1795 1141 1856 et
1187 1795 1250 1856 in
1295 1791 1490 1874 ipsius
1537 1792 1702 1875 pacis
1764 1790 2146 1856 conclusione
2205 1788 2461 1855 culmini
2524 1793 2733 1857 nostro
2793 1790 3055 1871 tradere,

352 1879 737 1957 submittere,
785 1882 1058 1946 subicere
1106 1882 1168 1944 et
1213 1880 1519 1963 applicare
1567 1879 1817 1957 vellent,
1864 1880 1937 1944 de
1979 1878 2251 1962 ipsisque
2292 1878 2637 1944 maiestatis
2683 1878 2888 1944 nostre
2946 1897 3058 1943 no-

345 1967 512 2031 mine
558 1970 835 2033 tenutam
882 1971 946 2034 et
991 1970 1436 2051 possessionem
1475 1967 1852 2051 corporalem
1893 1968 2184 2045 intrandi,
2232 1965 2570 2048 accipiendi
2611 1968 2676 2033 et
2719 1966 3059 2052 apprehen-

349 2055 532 2120 dendi
573 2075 712 2121 cum
753 2058 1038 2122 omnibns
1085 2057 1601 2134 solemnitatibuS‚
1649 2075 1766 2138 que
1815 2057 1871 2118 in
1920 2054 2271 2120 huiusmodi
2319 2055 2753 2139 similibusque
2784 2058 3060 2122 contrac-

352 2144 519 2208 tibus
566 2147 639 2209 de
687 2147 817 2210 inre
863 2165 933 2210 ac
981 2147 1052 2209 de
1099 2145 1534 2210 consuetudine
1582 2144 1990 2226 requirantur.
2035 2146 2119 2208 Et
2160 2144 2238 2208 ad
2284 2144 2608 2209 iurandum
2669 2145 2733 2209 in
2788 2146 3058 2209 animam

352 2234 623 2297 nostram
686 2236 978 2317 perpetuo
1041 2233 1359 2298 attendere
1419 2237 1484 2298 et
1545 2231 1986 2297 inviolabiliter
2045 2232 2365 2297 observare
2391 2281 2407 2309 ,
2470 2251 2849 2316 quecumque
2908 2232 3058 2297 dicti

354 2323 777 2402 procuratores
818 2322 1012 2386 nostri
1055 2322 1238 2387 ambo
1279 2321 1465 2387 simul
1516 2320 1615 2385 vel
1663 2321 1785 2385 alio
1831 2322 2084 2385 absente
2130 2320 2291 2384 alter
2336 2338 2546 2385 eorum
2611 2340 2719 2404 per
2763 2340 2830 2386 se
2875 2323 3060 2386 duxe-

349 2407 472 2472 rint
532 2411 628 2474 vel
695 2410 939 2475 duxerit
1007 2409 1434 2492 promittenda,
1498 2414 1561 2473 et
1630 2412 1807 2491 prout
1854 2428 2033 2491 super
2091 2409 2408 2491 premissis
2468 2412 2534 2474 et
2592 2410 2869 2493 quolibet
2928 2428 3060 2492 pre-

349 2496 654 2562 dictorum
702 2500 1111 2576 convenerint,
1159 2499 1364 2562 simile
1411 2516 1649 2581 quoque
1695 2498 2116 2561 iuramentum
2171 2496 2588 2599 recipiendum
2622 2500 2700 2562 ab
2733 2497 2894 2563 aliis.
2938 2495 3059 2562 Vo-

350 2585 555 2651 lumus
603 2588 850 2670 insuper
895 2590 960 2651 et
1002 2587 1376 2665 ordinamuS‚
1446 2588 1517 2651 ut
1575 2604 1953 2670 quecumque
2011 2586 2357 2651 occurerint
2415 2578 2709 2667 facienda,
2773 2585 2891 2670 ipsi
2952 2584 3060 2651 do-

350 2675 501 2740 mini
547 2677 815 2777 episcopi
860 2676 1118 2757 predicti
1163 2677 1345 2741 ambo
1393 2676 1579 2740 simul
1626 2673 1725 2739 vel
1764 2673 1926 2739 alter
1971 2692 2182 2739 eorum
2228 2675 2653 2756 procuratores
2714 2677 2777 2739 et
2839 2673 3059 2740 sindici

349 2764 539 2827 nostri
586 2765 875 2846 incipere,
923 2765 1207 2840 mediare,
1255 2763 1631 2842 concludere,
1703 2763 1914 2848 exequi
1975 2763 2223 2828 valeant
2281 2762 2463 2827 ambo
2527 2762 2713 2827 simul
2780 2763 2877 2829 vel
2936 2760 3059 2828 alio

353 2852 607 2917 absente
653 2854 811 2918 alter
857 2870 1065 2917 eorum
1116 2851 1325 2916 valeat
1369 2855 1432 2917 et
1475 2852 1671 2916 finire.
1718 2852 1801 2915 Et
1850 2850 2219 2933 generaliter
2264 2849 2340 2914 ad
2387 2850 2595 2915 omnia
2638 2852 2763 2917 alia
2824 2853 2888 2916 et
2933 2852 3060 2915 sin-

351 2940 499 3021 gula
559 2942 888 3024 agendum,
959 2941 1306 3018 dicendum,
1370 2941 1740 3018 faciendum,
1801 2938 2252 3021 procurandum
2313 2938 2737 3018 tractandum,
2802 2939 3060 3022 promit·

351 3028 603 3092 tendum
648 3031 711 3094 et
753 3029 1094 3095 executioni
1143 3030 1574 3103 mandandum,
1621 3046 1738 3110 que
1779 3027 1842 3091 in
1889 3026 2205 3109 premissis
2252 3027 2317 3090 et
2347 3025 2512 3090 circa
2543 3044 2616 3090 ea
2645 3027 2710 3091 et
2740 3027 2803 3091 in
2834 3026 3058 3110 depen-

352 3117 639 3182 dentibus
685 3120 748 3182 et
791 3118 1075 3183 connexis
1121 3119 1198 3182 ab
1244 3118 1332 3182 eis
1380 3117 1605 3181 suerint
1649 3115 1981 3190 necesaria,
2029 3114 2211 3179 utilia
2259 3115 2323 3178 et
2387 3118 2748 3197 opportuna,
2813 3118 2878 3180 et
2940 3135 3056 3199 que

353 3223 464 3269 nos
525 3205 687 3270 idem
748 3206 1087 3271 Ludovicus
1146 3225 1250 3270 rex
1318 3205 1626 3288 predictus
1683 3204 1904 3282 dicere,
1967 3201 2163 3270 facere
2221 3204 2287 3268 et
2351 3219 2649 3281 exercere,
2697 3204 2948 3269 tractari
2993 3204 3059 3268 et

352 3293 567 3375 exequi
615 3313 952 3375 possemne,
1000 3295 1181 3376 atque
1229 3294 1602 3373 concludere,
1665 3294 1718 3356 si
1770 3291 1995 3356 ibidem
2059 3310 2124 3356 se
2185 3292 2391 3356 nostra
2436 3288 2516 3355 ad
2564 3291 2674 3355 hec
2719 3292 3056 3374 personalis

352 3382 660 3463 presentia
706 3382 967 3460 offerret,
1014 3383 1079 3447 et
1123 3402 1239 3465 que
1283 3382 1542 3465 quilibet
1578 3399 1758 3446 verus
1799 3380 1900 3446 vel
1942 3378 2071 3444 veri
2139 3381 2204 3445 et
2266 3378 2586 3462 legitimus
2642 3382 2740 3445 vel
2792 3380 3056 3463 legitimi

356 3474 705 3551 procurator
753 3470 850 3536 vel
904 3474 1328 3552 procuratores
1383 3469 1604 3546 dicere,
1666 3467 1863 3533 facere
1908 3469 1973 3532 et
2032 3486 2307 3532 exercere
2368 3470 2578 3550 posset
2631 3468 2726 3533 vel
2788 3470 3052 3551 possent.

355 3558 587 3622 Dantes
635 3561 697 3623 et
743 3560 1149 3624 concedentes
1195 3553 1376 3623 dictis
1416 3558 1907 3640 procuratoribus
1954 3558 2018 3621 et
2063 3556 2298 3621 nunciis
2330 3556 2557 3620 nostris
2591 3556 2860 3637 plenum,
2906 3556 3057 3621 libe-

355 3666 512 3726 rum,
560 3647 845 3730 generale
890 3649 954 3710 et
997 3646 1260 3730 speciale
1307 3649 1666 3711 mandatum
1728 3664 1868 3710 cum
1916 3644 2129 3726 plena,
2192 3643 2405 3722 libera,
2467 3644 2735 3725 generali
2798 3645 2866 3709 et
2919 3663 3058 3728 spe·

354 3735 496 3799 ciali
539 3734 1074 3801 administratione
1119 3736 1322 3800 omnia
1366 3738 1430 3800 et
1460 3734 1706 3817 singula
1736 3734 1975 3815 agendi,
2008 3731 2265 3806 dicendi,
2313 3730 2594 3808 faciendi,
2642 3733 3055 3814 promittendi,

355 3824 680 3904 tractandi,
721 3823 1124 3890 concludendi
1173 3824 1237 3887 et
1281 3822 1618 3888 executioni
1664 3821 1994 3885 mandandi
2041 3822 2283 3885 nomine
2327 3820 2670 3885 maiestatis
2730 3823 2935 3885 nostre
2994 3821 3060 3884 in

355 3913 675 4014 premissis
720 3914 784 3977 et
815 3913 976 3976 circa
1023 3911 1322 3994 premissa
1365 3913 1428 3974 et
1473 3909 1949 3991 dependentibus
1996 3911 2059 3972 et
2112 3907 2396 3973 connexis
2456 3908 2534 3974 ab
2586 3909 2672 3973 eis
2732 3910 2942 3987 etiam,
3004 3908 3058 3973 si

357 4000 509 4065 talia
554 4002 789 4067 maiora
836 4000 931 4066 vel
977 4001 1260 4084 graviora
1307 3998 1508 4064 forent
1551 4015 1622 4063 ac
1668 4016 1913 4080 prorsus
1962 3998 2269 4075 extranea,
2335 4014 2453 4078 que
2514 3998 2873 4063 mandatum
2934 3997 3058 4061 exi-

355 4090 574 4171 gerent
618 4089 900 4172 speciale.
949 4088 1388 4153 Promittentes
1436 4108 1541 4170 per
1586 4105 1693 4149 nos
1738 4087 1802 4150 et
1854 4103 2228 4150 successores
2282 4085 2521 4150 nostros
2561 4103 2802 4168 semper
2854 4085 3054 4166 firma,

358 4178 492 4241 rata
518 4176 582 4241 et
616 4179 793 4261 grata
828 4176 1067 4256 habere,
1113 4179 1342 4252 tenere,
1389 4173 1709 4239 attendere
1741 4174 1805 4238 et
1838 4172 2277 4238 inviolabiliter
2308 4171 2646 4253 observare,
2680 4192 3055 4256 quecumque

356 4285 465 4347 per
509 4266 670 4348 ipsos
713 4266 1130 4349 procuratores
1171 4267 1236 4329 et
1279 4265 1522 4328 nuntios
1570 4263 1807 4327 nostros
1854 4263 1948 4328 vel
1993 4261 2114 4326 alio
2159 4262 2412 4326 absente
2459 4281 2567 4344 per
2600 4281 2787 4327 unum
2842 4281 3053 4327 eorum

358 4353 540 4432 dicta,
588 4354 769 4434 facta,
814 4356 1005 4437 gesta,
1055 4353 1374 4438 promissa,
1423 4349 1706 4416 conclusa
1764 4352 1829 4414 et
1870 4350 2148 4414 ordinata
2207 4349 2437 4414 fuerint
2492 4351 2553 4414 in
2616 4351 2932 4433 premissis
2993 4352 3058 4417 et

357 4441 519 4507 circa
563 4443 863 4524 premissa
912 4445 973 4507 et
1015 4442 1075 4506 in
1114 4440 1598 4525 dependentibus
1644 4447 1707 4503 et
1750 4440 2031 4504 connexis
2079 4439 2158 4502 ab
2204 4438 2311 4514 eiS,
2375 4439 2438 4502 et
2481 4456 2601 4503 non
2643 4439 3058 4506 contrafacere

355 4531 452 4595 vel
495 4530 702 4596 venire
748 4532 954 4614 aliqua
1002 4530 1237 4595 ratione
1283 4529 1379 4596 vel
1425 4548 1627 4606 causa,
1675 4530 1747 4592 de
1795 4529 1927 4592 iure
1974 4526 2069 4590 vel
2131 4528 2205 4591 de
2264 4525 2445 4605 facto,
2506 4528 2621 4591 sub
2683 4527 3055 4606 obligatione

355 4620 581 4698 nostra,
628 4619 920 4684 heredum
982 4621 1047 4684 et
1106 4637 1524 4684 successorum
1586 4620 1933 4681 nostrorum
1994 4616 2056 4680 et
2096 4616 2396 4681 bonorum
2445 4615 2717 4679 omnium
2777 4616 3052 4699 ypoteca.

360 4706 745 4773 Presentinm
808 4727 914 4791 per
974 4708 1248 4791 sigillum
1307 4714 1510 4772 nostre
1571 4705 1915 4770 maiestatis
1975 4703 2410 4788 appensionem
2474 4703 2831 4770 testimonio
2886 4705 3057 4770 litte-

2606 4807 2645 4848 ιιι
