3620 5282
467 316 596 382 296

627 490 1298 574 CCCCXXXIX.
1372 492 1577 574 God.
1635 491 1857 575 1355.
1916 492 2011 573 19
2066 491 2496 592 proeium,
2549 513 2610 572 u
2639 490 3051 573 „Mletcilh

474 618 523 678 Ο
567 620 797 677 nucina
857 619 1058 677 iabora
1118 619 1433 677 nacelnika
1496 619 1948 677 domobranstva
2008 635 2082 678 za
2126 618 2456 678 Hrvatsku.
2521 615 2850 690 Odpravlja
2913 634 2974 676 se
3017 620 3198 692 ‚invni

470 707 745 779 bizjebnik
777 722 848 763 sa
892 707 1141 765 srbslrim
1178 708 1554 778 poslanikom
1599 724 1682 763 ua
1726 707 2148 779 zapom'ednilce
2193 724 2232 763 u
2279 706 2607 777 Dalmaciji
2652 723 2693 762 u
2740 705 2915 777 poslu
2952 706 3206 779 predqqe

469 795 650 853 Klisa
694 796 718 850 i
764 792 1086 863 Skradina,
1134 798 1187 852 te
1232 811 1293 851 se
1338 795 1547 853 παῖαέο
1582 795 1922 867 prm-idum
1970 795 2170 852 Ivanu
2217 794 2491 870 Βεῖβηα,
2556 794 2635 851 da
2680 809 2741 851 se
2786 794 2961 864 κρατὶ
3006 796 3045 852 k
3074 794 3199 851 srb-

469 883 675 942 skomu
711 881 913 953 kranu
951 883 975 938 i
1006 882 1086 939 da
1107 883 1345 955 nastoji,
1395 884 1473 940 da
1504 883 1605 940 iste
1658 883 1819 955 kralj
1871 883 2109 955 odpusti
2138 883 2424 954 republici
2469 900 2540 941 za
2564 899 2750 939 novae
2780 898 2887 939 one
2918 882 3201 954 tvrdjave.
3277 938 3284 953 ,

691 1017 874 1081 1355.
925 1018 1257 1084 indictione
1300 1020 1409 1096 IX,
1460 1022 1555 1084 die
1602 1021 1752 1084 XIX
1798 1021 2159 1084 decembris.
2196 1018 2515 1101 Sapientes
2549 1017 2874 1083 Sclavenie
2907 1037 3006 1082 ser
3030 1018 3198 1083 Mar-

470 1124 577 1170 cus
622 1105 994 1182 Justiniano‚
1045 1125 1144 1170 ser
1190 1108 1425 1171 Paulus
1490 1109 1848 1172 Lauredano
1910 1109 2297 1189 procurator,
2362 1125 2461 1170 ser
2505 1106 2753 1171 Marcus
2808 1105 3026 1188 Celsy,
3096 1125 3196 1171 ser

472 1192 802 1258 Zacharias
851 1191 1212 1258 conta-reno,
1279 1193 1452 1274 Quod
1505 1197 1567 1260 in
1627 1197 1786 1259 bona
1852 1196 2056 1278 gratia
2111 1196 2470 1277 capitaneus
2517 1195 2750 1258 fiendus
2821 1194 3196 1277 paysenatici
3255 1216 3256 1219 ¹

336 1314 383 1345 .·
474 1278 794 1345 Sclavenie
840 1286 1136 1362 quantum
1186 1302 1295 1365 pro
1341 1285 1477 1347 istis
1524 1284 1762 1348 duobus
1830 1284 2048 1365 pr·mis
2111 1283 2286 1346 annis
2333 1282 2443 1345 fiat
2506 1301 2611 1363 per
2651 1281 2900 1346 modum
2949 1284 3013 1345 et
3057 1300 3196 1345 cum

475 1368 933 1432 condicionibus
982 1369 1412 1453 infrascriptiS,
1464 1372 1786 1436 videlicet:
1860 1372 2056 1453 primo
2105 1390 2367 1452 namque
2415 1370 2684 1452 eligatur
2730 1370 2793 1433 et
2841 1369 2951 1433 fiat
2996 1369 3198 1432 dictus

476 1458 836 1537 capitaneus
874 1476 980 1539 per
1027 1458 1397 1523 scrutinium
1447 1459 1508 1522 in
1552 1459 1804 1523 consilio
1854 1461 2207 1541 rogatorum
2256 1461 2318 1521 et
2364 1458 2476 1521 XL
2522 1460 2586 1520 et
2631 1477 2739 1539 per
2785 1456 2938 1520 duas
2980 1462 3197 1520 manus

482 1544 847 1607 electionum
897 1545 955 1607 in
998 1545 1222 1609 maiori
1269 1547 1539 1611 consilio,
1591 1548 1672 1610 Et
1710 1548 1873 1611 sicut
1912 1547 2134 1611 habere
2184 1546 2449 1610 debebat
2494 1546 2685 1609 libras
2732 1544 2901 1609 XLV
2950 1562 3194 1628 grosso·

478 1650 613 1695 rum
662 1631 724 1695 in
769 1649 946 1707 ann0,
994 1634 1081 1697 ita
1126 1634 1354 1698 habeat
1394 1635 1589 1699 libras
1635 1634 1748 1698 LX
1788 1652 2161 1717 grossorum.
2232 1633 2314 1697 Et
2359 1636 2678 1715 propterea
2725 1634 3008 1697 teneatur
3056 1633 3199 1696 dare

479 1718 718 1783 duobus
766 1720 945 1784 sociis
993 1722 1140 1797 suiS,
1190 1741 1341 1803 quos
1389 1723 1652 1804 accipiat
1698 1724 1884 1787 bonos
1933 1724 1997 1785 et
2040 1720 2437 1798 sufficientes,
2506 1721 2694 1784 libras
2745 1721 2801 1784 V
2847 1738 3198 1803 grossorum

476 1806 536 1869 in
585 1825 741 1871 anno
787 1825 895 1888 pro
943 1809 1236 1889 quolibet,
1288 1811 1351 1873 et
1396 1812 1679 1875 teneatur
1725 1809 2092 1892 respondere
2140 1809 2258 1885 die,
2307 1828 2426 1890 qua
2460 1809 2725 1891 eligetur
2772 1808 2867 1872 vel
2916 1806 3194 1890 sequenti

470 1896 614 1959 ante
662 1896 937 1972 terciam,
979 1899 1042 1960 et
1086 1899 1404 1961 reccedere
1446 1897 1608 1961 infra
1655 1900 1862 1962 decem
1922 1898 2071 1972 dies,
2122 1900 2444 1980 postquam
2493 1895 2848 1979 promiserit
2894 1914 3034 1960 cum
3071 1915 3198 1959 me-

470 1982 702 2047 dietate
750 2001 999 2046 suorum
1049 1984 1350 2049 sociorum
1386 1987 1450 2050 et
1481 1987 1921 2067 equitatorum,
1971 1987 2034 2049 et
2066 1985 2318 2067 incipiat
2341 1984 2681 2066 perservire
2715 1983 2955 2047 soldum
2999 2002 3197 2059 suum,

471 2071 758 2135 videlicet
805 2070 997 2134 libras
1034 2071 1143 2134 LX
1172 2091 1523 2155 grossorum
1557 2073 1674 2151 die,
1726 2093 1845 2157 qua
1894 2075 1967 2137 de
2014 2073 2298 2136 Veneciis
2347 2073 2641 2136 reccedet.
2689 2072 2770 2135 Et
2817 2070 2977 2135 infra
3013 2090 3199 2135 unum

471 2177 769 2236 mensem,
820 2162 1149 2241 postquam
1199 2159 1274 2223 de
1312 2162 1593 2225 Veneciis
1642 2162 2018 2237 reccesserit,
2071 2162 2355 2225 teneatur
2401 2159 2597 2224 facere
2644 2159 2963 2224 reccedere
3011 2177 3198 2241 equos

471 2264 614 2311 suos
664 2248 728 2310 et
775 2246 1088 2310 residuum
1140 2266 1248 2311 sue
1287 2247 1538 2325 familie,
1589 2253 1651 2314 et
1713 2250 1968 2331 incipiat
2030 2249 2369 2330 perservire
2434 2247 2601 2311 aliud
2650 2247 2948 2311 salarium
2995 2266 3195 2322 suum,

470 2335 631 2417 quod
676 2333 903 2396 babere
950 2334 1136 2398 debet
1182 2355 1291 2417 pro
1338 2337 1790 2419 equitatoribus
1863 2336 1990 2400 suis
2039 2336 2176 2411 die,
2226 2355 2344 2417 qua
2409 2336 2553 2419 equi
2617 2335 2711 2399 sui
2776 2338 2839 2398 et
2884 2336 3194 2398 residuum

472 2421 822 2503 predictum
873 2441 978 2486 sue
1028 2421 1266 2487 familie
1314 2424 1648 2489 reccederit
1695 2425 1768 2487 de
1817 2427 1999 2506 portu
2038 2425 2237 2487 sancti
2271 2424 2532 2487 Nicolai.
2583 2422 2889 2487 Reccedat
2936 2440 3198 2504 namque

471 2510 828 2591 capitaneus
876 2510 1187 2590 predictus
1235 2530 1373 2575 cum
1423 2530 1541 2577 uno
1590 2532 1659 2576 ex
1707 2512 1916 2596 ligniS,
1968 2531 2082 2592 que
2130 2511 2359 2574 armari
2401 2511 2645 2587 debent,
2698 2510 2793 2575 vel
2835 2510 2954 2574 alio
3000 2511 3191 2592 ligno,

470 2599 654 2681 prout
698 2596 1110 2662 dominacioni
1160 2598 1501 2670 videbitur:
1552 2603 1616 2665 et
1658 2600 1771 2665 fiat
1818 2600 2019 2666 dictus
2064 2599 2420 2682 capitaneus
2467 2618 2576 2682 per
2626 2599 2772 2664 duos
2822 2616 3032 2677 annoS,
3078 2598 3194 2662 hac

477 2686 829 2750 condicione
875 2688 1176 2769 apposita,
1227 2689 1387 2771 quod
1437 2690 1497 2752 in
1547 2690 1667 2754 fine
1715 2708 1932 2753 novem
1996 2688 2303 2751 mensium
2349 2686 2533 2770 primi
2581 2687 2727 2750 anni
2773 2686 2956 2751 liceat
3002 2686 3096 2762 ei,
3147 2687 3200 2750 si

473 2773 756 2851 voluerit,
804 2773 1071 2839 refutare
1098 2775 1327 2841 dictam
1357 2777 1802 2859 capitanariam
1831 2777 2061 2858 absque
2109 2775 2317 2857 aliqua
2343 2794 2500 2857 pena
2548 2776 2611 2838 et
2656 2775 2887 2856 absque
2934 2772 3195 2838 licencia

469 2860 729 2925 alicuius
772 2863 1032 2939 consilii,
1082 2864 1170 2927 ita
1216 2867 1372 2946 quod
1424 2884 1541 2930 non
1592 2865 1675 2928 sit
1722 2865 2016 2928 astrictus
2064 2864 2229 2927 stare
2277 2862 2338 2927 in
2388 2863 2554 2926 dicta
2601 2862 2980 2945 capitanaria
3027 2862 3193 2926 ultra

464 2966 713 3014 annum.

677 3037 760 3100 Et
791 3056 929 3101 cum
978 3041 1144 3103 omni
1195 3039 1627 3117 sollicitudine,
1678 3060 1796 3122 qua
1847 3039 1974 3104 fieri
2004 3041 2231 3121 potest,
2280 3039 2669 3120 provideatur
2716 3038 2790 3102 de
2835 3037 3191 3121 accipiendo

472 3122 691 3186 dehinc
739 3126 865 3188 tres
914 3125 1236 3191 banderias
1283 3127 1561 3209 equitum
1609 3147 1747 3191 cum
1795 3127 1903 3191 illo
1952 3128 2123 3191 soldo
2172 3131 2234 3190 et
2299 3146 2406 3209 per
2468 3126 2622 3189 illud
2692 3129 2971 3209 tempuS,
3035 3126 3195 3207 quod

469 3209 879 3274 dominacioni
928 3213 1269 3287 videbitur3
1342 3217 1406 3277 et
1451 3215 1881 3278 committatur
1943 3214 2262 3295 capitaneo
2324 3215 2635 3296 predicte,
2704 3215 2865 3297 quod
2928 3213 3198 3295 accipiat

470 3314 653 3360 uuam
703 3297 1055 3363 banderiam
1108 3300 1183 3363 de
1228 3300 1518 3383 gentibus
1567 3301 1805 3375 deinde,
1858 3302 2205 3384 accipiendo
2248 3302 2322 3365 de
2382 3301 2733 3365 melioribus
2796 3302 3091 3384 gentibus
3133 3303 3198 3366 et

475 3382 817 3465 aptioribus
863 3386 937 3450 ad
987 3387 1314 3452 servicium
1380 3407 1450 3452 ac
1511 3389 1924 3462 fidelioribuS,
1977 3409 2094 3471 que
2154 3390 2272 3453 sibi
2321 3389 2724 3462 videbuntur3
2794 3391 2858 3453 et
2927 3389 2980 3453 si
3027 3389 3193 3453 dicto

472 3471 791 3553 capitaneo
840 3492 960 3537 non
1007 3475 1319 3539 videretur
1366 3476 1440 3539 de
1488 3476 1844 3559 accipiendo
1892 3478 2117 3540 dictam
2169 3477 2519 3541 banderiam
2567 3477 2642 3540 de
2689 3476 2848 3552 inde,
2896 3477 3198 3541 rescribat

470 3559 663 3635 nobis,
716 3560 859 3641 quia
906 3562 982 3625 de
1028 3561 1172 3626 hinc
1219 3564 1642 3646 providebitur
1688 3564 1763 3628 de
1827 3564 2182 3647 accipiendo
2246 3564 2603 3638 banderiam
2667 3564 3028 3648 predictam.
3079 3565 3184 3641 32,

468 3649 541 3712 de
582 3666 698 3712 non
743 3649 804 3725 Ο,
856 3667 974 3713 non
1024 3649 1244 3716 sinceri
1291 3651 1351 3715 Ο.

679 3734 906 3819 Capta:
958 3738 1255 3802 Dominus
1304 3740 1437 3804 vult
1484 3742 1724 3822 partem
1753 3740 2240 3823 suprascriptam
2267 3740 2611 3823 sapientum
2664 3759 2773 3821 per
2817 3742 3018 3804 totum
3052 3759 3190 3804 cum

470 3824 582 3889 hac
628 3824 964 3903 addicione,
1019 3826 1176 3908 quod
1224 3827 1425 3890 dictus
1473 3827 1832 3909 capitaneus
1881 3847 1998 3891 non
2043 3829 2241 3909 possit
2306 3827 2568 3891 refutare
2616 3828 2730 3891 sub
2780 3847 2934 3910 pena
3005 3827 3193 3892 libra-

464 3931 600 3976 rum
650 3911 740 3975 IV
778 3915 1045 3978 centum.
1089 3914 1195 3977 41.

674 3997 997 4082 Sapientes
1046 4002 1325 4083 predicti.
1375 4000 1603 4084 Capta:
1668 4003 1830 4085 quod
1895 4021 2002 4085 pro
2051 4003 2204 4074 hiis,
2271 4022 2388 4084 que
2454 4002 2737 4085 exposuit
2802 4003 3191 4067 ambassator

465 4085 697 4150 domini
746 4090 911 4171 regis
959 4089 1170 4166 Raxie,
1224 4090 1509 4154 mittatur
1556 4110 1712 4155 unus
1757 4091 2032 4154 notarius
2080 4092 2286 4154 noster
2334 4089 2511 4171 plene
2543 4088 2909 4154 informatus
2940 4091 3016 4154 de
3047 4101 3180 4154 am-

466 4171 688 4237 baxata
735 4175 888 4239 dicti
935 4176 1169 4241 domini
1216 4177 1377 4261 regis
1426 4177 1613 4242 simul
1661 4197 1799 4243 cum
1850 4177 2014 4242 dicto
2078 4178 2473 4242 ambaxatore
2521 4176 2597 4240 ad
2647 4179 3038 4260 capitaneum
3086 4198 3192 4244 no·

466 4259 665 4323 strum
714 4263 1063 4343 generalem
1107 4266 1299 4329 maris
1347 4266 1410 4330 et
1456 4265 1835 4329 consiliarios
1883 4267 2047 4340 eiuS‚
2115 4266 2212 4329 vel
2275 4267 2350 4329 ad
2416 4267 2684 4329 rectores
2734 4268 2971 4330 nostros
3013 4263 3187 4330 Sibe-

467 4345 607 4422 nici‚
659 4346 943 4431 Tragurii
990 4354 1052 4416 et
1100 4351 1333 4434 Spaleti
1395 4355 1458 4416 et
1514 4353 1860 4434 provisores
1928 4353 2203 4425 nostros,
2274 4353 2323 4416 si
2372 4352 2731 4433 capitaneus
2788 4358 2996 4418 noster
3042 4373 3191 4417 non-

465 4431 609 4495 dum
660 4435 1068 4515 applicuisset
1107 4439 1185 4502 ad
1235 4443 1438 4519 partes
1484 4440 1662 4515 illas;
1712 4459 1821 4522 per
1854 4459 2040 4522 quem
2084 4440 2330 4522 quidem
2360 4440 2669 4503 notarium
2696 4443 2977 4505 nostrum
3007 4440 3188 4504 detur

469 4517 651 4616 plena
699 4521 1055 4589 informatio
1101 4525 1220 4606 ipsi
1265 4528 1585 4609 capitaneo
1632 4530 1841 4592 nostro
1884 4530 1947 4591 et
1995 4528 2125 4591 eius
2182 4526 2570 4604 consiliariis,
2637 4527 2928 4593 videlicet
2989 4529 3188 4592 recto-

466 4605 639 4703 ribus
686 4609 915 4673 nostris
959 4613 1021 4675 et
1066 4613 1486 4694 provisoribus
1534 4615 1595 4677 in
1642 4634 1786 4679 casu
1834 4633 1952 4698 quo
2016 4613 2177 4678 idem
2227 4614 2586 4697 capitaneus
2652 4617 2862 4679 noster
2924 4614 3190 4680 nondum

465 4691 617 4757 illuc
667 4694 1089 4778 applicuisset,
1135 4701 1204 4763 nt
1249 4699 1484 4764 dictum
1533 4702 1662 4780 est,
1728 4702 1804 4766 de
1868 4702 2195 4766 ambaxata
2253 4701 2533 4784 predicta
2580 4701 2813 4765 domini
2860 4702 3065 4785 regis3
3128 4705 3193 4767 et
