3620 5282
509 352 639 416 362

690 526 1195 593 *Ambaxiatores
1245 528 1455 593 autem
1517 527 1754 593 domini
1819 528 1984 611 regis
2048 528 2528 611 responderunt,
2579 527 2740 612 quod
2786 546 2904 593 non
2951 526 3089 592 erat
3133 544 3239 591 ex-

507 617 755 699 pediens
804 619 1068 681 tractare
1115 635 1299 698 supra
1346 616 1487 695 hiis,
1538 636 1725 699 supra
1789 616 2012 698 quibus
2076 619 2138 681 in
2185 616 2510 700 Hungaria
2572 617 3024 692 tractaverant,
3090 614 3237 696 quia

507 709 560 769 si
608 704 888 768 dominus
937 724 1039 767 rex
1085 703 1310 768 fuisset
1352 706 1676 769 contentus
1721 704 1784 768 in
1834 704 2160 786 Hungaria
2227 705 2299 767 de
2364 704 2653 768 tractatis
2718 704 2783 768 et
2823 702 3052 768 oblatis
3113 699 3235 765 sibi

506 811 614 874 per
661 791 938 855 dominos
983 792 1272 868 VenetoS,
1321 791 1535 874 utique
1583 810 1792 873 pacem
1840 791 1901 855 in
1948 790 2272 874 Hungaria
2332 791 2657 868 firmasset,
2708 792 2813 855 sed
2859 790 3002 873 quia
3050 788 3234 871 plura

506 879 797 944 volebant
844 897 879 942 a
926 878 1193 944 dominis
1215 879 1493 957 Venetis,
1542 898 1726 962 quam
1772 878 1899 957 illa,
1950 898 2068 961 que
2100 878 2348 944 fuerant
2392 880 2512 945 sibi
2538 879 2746 944 oblata
2784 878 2845 942 in
2871 875 3229 960 Hungaria3

504 967 697 1042 igitur
742 965 1193 1049 ambaxiatores
1240 986 1381 1032 suos
1430 967 1689 1032 miserat
1735 966 2057 1044 VeneciaS,
2126 968 2394 1031 maxime
2457 966 2602 1050 quia
2660 965 2808 1030 dum
2856 966 2919 1030 in
2965 962 3233 1047 quadam

504 1054 799 1135 petitione
847 1055 1154 1119 tractatus
1200 1054 1520 1137 Hungarie
1568 1054 1763 1119 nollet
1823 1055 2106 1118 dominus
2167 1074 2272 1118 rex
2331 1054 2710 1131 contentari,
2775 1052 3232 1117 ambaxiatores

505 1141 891 1206 dominorum
939 1142 1314 1206 Venetorum
1360 1142 1809 1224 responderunt
1869 1162 1932 1207 se
1978 1160 2161 1224 supra
2218 1141 2333 1207 hoc
2380 1142 2755 1224 potestatem
2799 1160 2917 1206 non
2978 1139 3225 1203 habere.

719 1245 916 1329 Super
960 1246 1080 1311 hiis
1142 1247 1308 1312 facta
1370 1247 1534 1312 inter
1593 1249 1805 1330 partes
1869 1247 2123 1330 aliquali
2170 1246 2589 1326 altercatione,
2653 1244 2920 1310 dominis
2976 1242 3231 1309 Venetis

506 1334 883 1398 nollentibus
930 1333 993 1397 in
1032 1334 1254 1399 effectu
1299 1334 1482 1399 aliter
1525 1334 1911 1418 respondere,
1960 1334 2413 1399 ambaxiatores
2477 1334 2710 1399 domiui
2775 1333 2937 1418 regis
2982 1332 3227 1415 predic-

505 1423 634 1486 tam
684 1440 861 1485 suam
908 1422 1260 1505 generalem
1308 1422 1670 1504 petitionem
1718 1423 2166 1487 restrinxerunt
2211 1422 2289 1485 ad
2335 1441 2439 1487 sex
2485 1422 2773 1487 civitates
2819 1421 2896 1486 de
2943 1419 3227 1484 omnibus

508 1508 885 1587 civitatibus,
935 1510 1154 1575 castris
1202 1512 1267 1575 et
1312 1510 1532 1575 insulis
1581 1510 1923 1587 Dalmacie,
1973 1509 2281 1586 dicentes»,
2330 1510 2489 1593 quod
2538 1510 2594 1574 si
2651 1509 2933 1592 predicta
2978 1507 3226 1572 domino

505 1598 636 1680 regi
683 1597 995 1676 darentur,
1045 1600 1177 1662 erat
1223 1600 1549 1662 contentus
1597 1598 1670 1662 de
1716 1597 1891 1675 istis,
1956 1600 2019 1661 et
2065 1599 2421 1680 perpetuam
2482 1616 2691 1678 pacem
2754 1596 3038 1661 firmaret
3081 1612 3230 1659 cum

507 1684 766 1760 eisdem,
807 1687 871 1748 et
916 1685 1187 1750 amicum
1212 1684 1509 1750 haberent
1542 1704 1648 1765 pro
1682 1685 1884 1750 amico
1910 1686 1973 1749 et
1998 1684 2315 1749 inimicum
2349 1703 2454 1767 pro
2478 1685 2744 1764 inimico,
2793 1687 2857 1749 et
2888 1683 3227 1748 obmitetur

502 1772 679 1851 velle,
728 1772 1023 1856 quidquid
1066 1772 1271 1837 fuerat
1313 1791 1423 1855 per
1469 1772 1921 1837 ambaxiatores
1971 1772 2355 1837 dominorum
2387 1773 2768 1837 Venetorum
2815 1772 2878 1835 in
2909 1769 3232 1853 Hungaria

503 1859 780 1924 oblatum
829 1860 1073 1925 domino
1128 1859 1282 1942 regi.

716 1948 939 2011 Verum
983 1949 1142 2031 quod
1192 1949 1252 2011 in
1314 1966 1419 2011 sex
1480 1947 1838 2012 civitatibus
1887 1946 2212 2030 predictiS,
2283 1967 2398 2032 que
2458 1950 2669 2013 erant:
2741 1946 2956 2024 Jadra,
3023 1944 3223 2023 Nona,

505 2034 848 2117 Spaletum,
899 2035 1243 2112 Scardona,
1309 2033 1668 2099 Sibenicum
1732 2039 1795 2099 et
1841 2035 2252 2118 Tragurium,
2315 2034 2510 2101 Jadra
2578 2036 2642 2099 et
2700 2034 2884 2100 Nona
2942 2033 3227 2098 civitates

500 2122 777 2206 predicte
823 2123 1017 2186 libere
1066 2124 1438 2206 petebantur
1482 2141 1591 2205 pro
1655 2124 1831 2204 parte
1878 2123 2265 2188 dominorum
2313 2124 2688 2189 Venetorum
2716 2172 2732 2201 ,
2798 2122 2921 2187 fuit
2966 2138 3222 2204 respon-

503 2228 660 2287 sum,
711 2211 873 2293 quod
922 2210 1071 2274 licet
1116 2229 1329 2291 pacem
1378 2212 1667 2293 optarent
1707 2229 1847 2275 cum
1894 2210 2140 2275 domino
2189 2229 2351 2294 rege,
2401 2213 2612 2277 tamen
2657 2209 3000 2275 dominium
3029 2207 3240 2274 Jadre»

505 2299 570 2361 et
616 2297 789 2362 None
834 2316 872 2362 a
917 2316 982 2362 se
1030 2298 1348 2363 nollebant
1392 2297 1702 2363 ullatenus
1750 2297 2072 2376 abdicare,
2135 2300 2241 2362 sed
2288 2300 2342 2363 si
2388 2299 2462 2364 de
2509 2298 2871 2364 civitatibus
2932 2295 3226 2379 predictis

502 2382 848 2449 contentari
890 2384 1122 2450 vellent
1167 2385 1619 2451 ambaxiatores
1655 2386 1886 2450 domiui
1937 2386 2099 2469 regis
2147 2386 2328 2451 modo
2380 2387 2442 2450 in
2467 2386 2788 2468 Huugaria
2832 2384 3224 2462 raciocinato,

502 2475 681 2537 erant
727 2473 929 2554 parati
978 2491 1192 2554 pacem
1237 2474 1506 2554 firmare,
1555 2474 1660 2538 sed
1707 2473 1851 2537 illas
1899 2473 2052 2538 duas
2092 2473 2376 2539 civitates
2408 2473 2656 2538 domino
2690 2473 2824 2556 regi
2854 2473 3049 2538 libere
3081 2471 3227 2536 dare

499 2559 631 2624 ullo
679 2559 858 2624 modo
904 2559 1178 2625 facerent
1223 2579 1418 2644 neque
1466 2564 1736 2645 possent,
1788 2561 1935 2645 quia
1984 2559 2099 2625 hoc
2145 2565 2310 2626 esset
2356 2561 2443 2626 eis
2490 2561 2926 2626 intollerabile.

711 2667 880 2731 Tunc
927 2667 1380 2732 ambaxiatores
1420 2667 1653 2733 domini
1699 2669 1862 2752 regis
1908 2667 2229 2750 Hungarie
2277 2669 2551 2733 multum
2590 2668 2847 2732 honeste
2894 2666 3228 2748 responde-

500 2753 672 2834 bant,
721 2754 881 2836 quod
927 2754 980 2818 si
1027 2756 1291 2837 primam
1339 2756 1701 2838 petitionem
1740 2776 1851 2839 per
1896 2775 1997 2821 eos
2044 2757 2275 2820 factam
2326 2773 2445 2820 non
2488 2755 2890 2833 admiserant,
2938 2753 3231 2820 videlicet

499 2840 575 2905 de
623 2841 753 2906 tota
800 2842 1145 2921 Dalmacia,
1196 2843 1336 2924 quia
1382 2845 1729 2926 generalem
1781 2842 2001 2919 nimiS,
2051 2845 2115 2906 et
2159 2844 2491 2907 secundam
2524 2843 2599 2908 de
2631 2842 2817 2908 dictis
2866 2840 3226 2907 civitatibus

500 2948 619 2993 non
666 2930 1100 3008 admittebant,
1150 2933 1292 3013 quia
1331 2931 1835 3010 intollerabilem,
1883 2932 2178 3012 petebant
2222 2931 2387 3012 ipsos
2435 2930 2717 2995 dominos
2743 2931 3038 3006 VenetoS,
3071 2946 3222 3012 qua-

506 3018 687 3081 tenus
734 3017 1012 3082 dicerent
1058 3018 1227 3100 ipsiS,
1277 3020 1435 3101 quod
1484 3019 1731 3085 domino
1779 3019 1911 3102 regi
1959 3018 2156 3084 facere
2197 3019 2444 3083 vellent.

713 3105 832 3168 Pro
879 3108 1051 3186 parte
1097 3108 1305 3170 autem
1355 3108 1734 3172 dominorum
1782 3107 2164 3172 Venetorum
2210 3105 2709 3189 respondebatur,
2758 3106 2917 3188 quod
2963 3104 3071 3169 ubi
3120 3102 3230 3169 do-

516 3191 670 3254 mini
718 3192 1171 3257 ambaxiatores
1215 3193 1533 3277 Hungarie
1580 3195 1845 3259 tractare
1890 3194 2122 3258 vellent
2176 3212 2362 3276 supra
2407 3194 2724 3272 articuliS,
2771 3211 2958 3276 supra
3004 3191 3227 3275 quibus

507 3277 573 3339 in
622 3276 950 3360 Hungaria
995 3281 1347 3344 tractabant
1401 3283 1464 3344 et
1509 3280 1851 3346 diserentiis
1897 3283 2274 3362 eorumdem,
2321 3281 2522 3363 parati
2570 3285 2744 3345 erant
2801 3281 3102 3360 tractare,
3165 3280 3229 3344 et

502 3362 674 3427 iuxta
721 3384 930 3429 eorum
973 3385 1147 3448 posse
1194 3368 1511 3431 dominum
1559 3387 1766 3450 regem
1818 3388 2003 3453 supra
2049 3369 2171 3433 hiis
2221 3370 2418 3433 facere
2466 3369 2896 3452 contemptari.

711 3467 812 3533 Ad
856 3470 969 3536 hec
1015 3472 1467 3538 ambaxiatores
1512 3473 1735 3555 prefati
1782 3475 2270 3557 respondebant,
2335 3476 2492 3557 quod
2553 3474 2869 3539 ullatenus
2915 3493 3023 3556 spe
3069 3491 3228 3539 vana

503 3555 937 3639 deciperentur
982 3559 1215 3623 domini
1262 3561 1504 3639 Veneti,
1554 3561 1696 3644 quia
1736 3562 2021 3627 dominus
2069 3580 2172 3626 rex
2216 3561 2395 3645 plura
2454 3563 2817 3628 intendebat
2877 3562 3103 3626 habere
3150 3561 3227 3625 ab

504 3645 679 3727 ipsis„
726 3664 911 3727 quam
960 3646 1078 3711 sibi
1126 3648 1185 3712 in
1226 3649 1550 3733 Hungaria
1595 3649 1804 3714 oblata
1851 3649 2132 3728 fuissent,
2183 3669 2251 3715 eo
2297 3649 2457 3732 quod
2499 3650 2551 3714 si
2599 3650 2832 3715 ibidem
2878 3650 2951 3713 de
2998 3647 3227 3713 oblatis

502 3735 827 3798 contentus
874 3733 1114 3814 fuisset,
1164 3754 1379 3818 pacem
1424 3737 1754 3818 firmasset,
1805 3739 1911 3802 sed
1942 3738 2084 3821 quia
2130 3739 2454 3802 contentus
2488 3756 2606 3802 non
2640 3737 2842 3803 fuerat
2873 3738 2946 3802 de
2980 3735 3223 3815 oblatis,

498 3820 637 3886 ideo
681 3839 895 3904 pacem
934 3840 1052 3888 non
1098 3823 1388 3889 firmavit.

709 3928 791 3993 Et
837 3929 926 3993 sic
973 3947 1158 4011 supra
1189 3930 1308 3994 hiis
1357 3930 1664 4013 aliquibus
1689 3929 1904 3996 diebus
1939 3934 2142 4014 partes
2175 3931 2500 4011 steterunt,
2547 3930 2923 3997 instantibus
2951 3927 3216 3995 dominis

499 4016 1025 4082 ambaxiatoribus
1072 4017 1345 4100 prefatis,
1395 4020 1466 4082 ut
1510 4020 1837 4101 postquam
1884 4018 2214 4102 petitiones
2265 4019 2539 4102 ipsorum
2603 4019 2926 4103 generales
2977 4018 3041 4083 et
3086 4035 3225 4101 par-

502 4103 796 4169 ticulares
844 4123 960 4169 non
1010 4106 1513 4183 admittebantur,
1573 4106 1795 4171 saltem
1844 4106 2178 4172 offerentur
2240 4126 2347 4190 per
2394 4105 2673 4186 dominos
2721 4106 2991 4172 Venetos
3058 4106 3228 4189 quic-

503 4189 649 4270 quid
696 4192 985 4273 placeret.
1033 4191 1154 4272 Qui
1202 4193 1432 4258 domini
1479 4193 1700 4258 Veneti
1748 4194 2081 4260 curialibus
2130 4214 2371 4278 semper
2414 4195 2618 4260 verbis
2666 4213 2731 4260 se
2779 4214 3021 4276 semper
3069 4192 3225 4257 refe-

500 4275 720 4341 rebant
768 4278 845 4343 ad
891 4280 1188 4361 predicta.

573 4466 586 4480 ·
710 4383 984 4449 Tandem
1030 4385 1486 4452 ambaxiatores
1534 4387 1765 4452 domini
1791 4388 1973 4471 regiS,
2016 4386 2277 4452 ulterius
2309 4388 2536 4453 habere
2568 4407 2688 4454 non
2721 4387 2998 4455 valentes
3045 4405 3084 4451 a
3113 4385 3221 4451 do-

503 4468 689 4531 minis
733 4469 1006 4552 Venetis,
1056 4474 1346 4539 dixerunt
1390 4473 1465 4538 ad
1514 4474 1750 4557 species
1809 4474 2177 4540 descendere
2231 4475 2408 4554 velle,
2467 4478 2532 4541 et
2577 4494 2764 4559 supra
2811 4475 2932 4540 VII
2977 4474 3224 4539 firmare

501 4571 716 4636 pacem
763 4556 1041 4623 articulis
1103 4561 1579 4644 suprascriptiS,
1643 4562 1933 4628 videlicet
1993 4564 2152 4645 quod
2219 4563 2566 4646 petiverunt
2629 4563 2831 4647 primo
2896 4561 3222 4645 Spalatum

503 4659 612 4705 seu
656 4640 1161 4726 Traguriensem‚
1227 4647 1623 4727 Sebenicum,
1692 4649 2173 4716 Scardonensem
2240 4668 2311 4715 ac
2377 4649 2553 4717 Nona
2613 4651 2867 4718 civitate
2911 4649 2987 4715 de
3034 4667 3222 4733 regno

506 4726 847 4808 Dalmacie,
889 4748 1005 4814 que
1052 4752 1161 4816 per
1206 4734 1527 4802 dominum
1573 4735 1793 4802 ducem
1841 4737 2195 4804 detinentur
2242 4738 2491 4805 domino
2538 4740 2674 4825 regi
2718 4738 2910 4804 libere
2954 4735 3221 4804 restitui.
