3620 5282
3008 379 3138 443 447

412 552 542 616 dati
580 553 643 617 et
688 552 1103 634 capitulorum
1144 555 1198 617 ei
1268 554 1615 629 missorum,
1685 557 1749 620 et
1804 556 1878 619 de
1941 555 2055 619 hoc
2116 554 2311 619 faciat
2375 572 2559 636 posse
2606 571 2823 628 suum3
2883 554 2935 617 si
2983 572 3125 619 vero

415 639 528 705 illa
593 640 869 704 obtinere
933 658 1054 705 non
1116 645 1345 724 posset,
1408 641 1679 706 finaliter
1740 642 1793 707 si
1864 642 2095 724 poterit
2162 642 2438 706 obtinere
2524 639 2868 722 capitulum
2895 688 2911 717 ,
2977 642 3138 723 quod

415 745 618 791 comes
656 727 989 792 Bar-tholus
1053 728 1138 792 sit
1201 729 1529 795 contentus
1590 729 1835 794 obedire
1911 732 2116 794 nostro
2177 728 2511 811 capitaneo
2579 728 2652 791 de
2700 727 3027 810 equitando
3074 729 3140 792 et

415 811 687 879 faciendo
734 816 895 880 sicut
935 814 1327 895 ordinaverit,
1377 820 1561 900 prout
1604 817 1952 899 capitulum
2000 818 2287 882 nostrum
2340 814 2633 893 continet,
2684 814 2758 879 de
2805 814 2944 879 aliis
2991 815 3138 880 duo-

412 901 530 966 bus
570 902 879 984 capitulis,
931 904 984 967 si
1033 902 1252 969 melius
1298 923 1419 970 non
1462 904 1692 987 poterit
1739 905 1957 981 facere,
2006 905 2091 968 sit
2149 908 2497 978 contentuS,
2545 904 2607 966 et
2655 902 2967 986 compleat
3012 902 3139 966 fac-

416 990 574 1053 tum.
623 989 706 1053 Et
752 989 1040 1054 mittatur
1081 993 1354 1073 pecunia,
1421 995 1492 1057 ut
1537 992 1589 1055 si
1638 991 1872 1056 factum
1908 991 2093 1056 fuerit
2157 991 2557 1073 completum,
2606 989 2769 1053 idem
2814 1007 3021 1053 comes
3069 991 3135 1053 et

415 1076 540 1141 alia
584 1094 735 1159 gens
781 1077 1053 1160 expediri
1099 1079 1338 1160 possint
1381 1080 1512 1144 sine
1556 1079 1857 1144 tarditate
1897 1079 1974 1142 ad
2021 1079 2386 1144 veniendum
2435 1080 2498 1141 et
2542 1075 2958 1159 profitendum
3003 1095 3133 1141 ser-

415 1163 637 1229 vitium
682 1167 986 1230 nostrum.
1034 1165 1126 1230 De
1172 1184 1293 1230 non
1340 1166 1442 1244 29,
1492 1168 1564 1230 de
1613 1168 1785 1248 parte
1833 1166 1939 1245 36,
1988 1184 2108 1230 non
2156 1165 2378 1230 sinceri
2425 1166 2486 1230 6.

499 1254 687 1314 Liber
730 1255 1096 1331 Royatorum
1136 1273 1247 1329 pro
1290 1256 1471 1328 factis
1527 1257 1587 1315 Y
1579 1259 1724 1317 strie
1768 1258 1868 1330 18,
1911 1275 1953 1316 u
1996 1255 2155 1318 mlet.
2204 1257 2435 1316 arkivu.

783 1441 1135 1525 CXXII.
1207 1444 1412 1527 God.
1467 1444 1685 1529 1335.
1742 1445 1838 1527 12
1891 1444 2200 1546 lipnja,
2255 1465 2320 1525 u
2369 1442 2758 1525 Mletcih.

418 1569 632 1631 Knezu
674 1569 1008 1640 rabskomu,
1054 1570 1209 1629 nelca
1253 1571 1501 1630 utanaci
1536 1572 1809 1645 poyodbu
1854 1588 1926 1630 sa
1971 1572 2212 1630 knezom
2255 1571 2478 1629 krekim
2514 1570 2678 1643 ylede
2721 1569 2986 1642 vojnicke
3020 1587 3130 1643 120-

1131 1657 1281 1718 modi
1314 1674 1398 1730 po
1443 1660 1665 1718 uvietih
1709 1660 1785 1718 od
1829 1660 2005 1732 njeya
2043 1658 2441 1732 zahtjevanih.

629 1774 817 1841 1335.
863 1776 959 1840 die
1004 1774 1146 1842 XII.
1195 1777 1371 1855 iunii,
1421 1779 1639 1860 capta:
1699 1779 1843 1861 quia
1911 1777 2061 1842 facit
2106 1796 2211 1859 pro
2271 1778 2427 1841 bono
2469 1776 2848 1859 agendorum
2896 1777 3140 1840 nostro-

416 1881 554 1927 rum
610 1862 836 1928 habere
897 1866 1147 1947 gentem
1205 1864 1527 1930 Sclavonie
1592 1866 1666 1929 ad
1730 1865 2056 1930 servitium
2120 1866 2421 1940 nostrum,
2497 1865 2673 1928 vadit
2740 1882 2906 1945 parS,
2977 1865 3138 1945 quod

416 1950 724 2014 scribatur
773 1951 986 2017 comiti
1035 1950 1212 2032 Arbi,
1277 1954 1436 2035 quod
1504 1952 1556 2016 si
1622 1971 1741 2017 nou
1791 1954 1984 2034 possit
2049 1952 2325 2017 obtinere
2377 1971 2519 2015 cum
2570 1952 2793 2015 comite
2841 1950 3137 2014 Bartholo

415 2037 755 2120 capitulum
800 2042 1078 2104 nostrum
1123 2039 1199 2103 de
1245 2039 1579 2104 obediendo
1636 2043 1844 2105 nostro
1889 2039 2228 2122 capitaneo,
2278 2040 2438 2104 sicut
2482 2058 2675 2120 nuper
2722 2037 2843 2102 sibi
2888 2037 3137 2120 scripsi-

416 2144 555 2189 mus
608 2143 716 2207 per
778 2146 876 2192 ser
938 2128 1197 2192 Petrum
1262 2126 1424 2192 Nani
1488 2128 1552 2192 et
1606 2146 1705 2191 ser
1765 2127 1958 2191 Dardi
2021 2128 2404 2201 Maurocen0,
2480 2126 2642 2208 quod
2707 2142 2827 2188 non
2888 2125 3138 2190 recedat

413 2214 741 2295 propterea
785 2233 822 2278 a
868 2213 1050 2291 facto,
1114 2216 1219 2279 sed
1266 2213 1536 2280 finaliter
1586 2216 1672 2280 sit
1730 2217 2073 2280 contentus.
2141 2215 2376 2296 quando
2438 2213 2612 2277 aliud
2686 2212 2953 2276 obtineri
3016 2230 3137 2276 non

415 2303 638 2383 posset,
687 2304 750 2365 et
794 2305 1073 2384 acceptet
1122 2303 1445 2367 servitium
1491 2322 1691 2379 suum,
1737 2302 1900 2367 sicut
1942 2322 2008 2366 se
2055 2301 2300 2376 obtulit,
2351 2319 2469 2364 non
2512 2302 2810 2365 obstante
2860 2299 3131 2381 capitulo

412 2387 803 2539 Ξιέρτέᾱίοὺές
851 2390 915 2453 et
959 2389 1013 2454 si
1058 2390 1384 2455 consilium
1433 2393 1529 2454 est
1569 2393 1801 2469 contra,
1853 2390 1938 2454 sit
1985 2391 2342 2454 revocatum
2391 2392 2511 2452 etc.
2592 2387 2698 2466 43,
2773 2387 2871 2465 13,
2920 2386 3004 2451 56
3053 2422 3137 2434 —

502 2523 519 2554 ‚
612 2525 628 2554 ‚
675 2476 717 2539 5
767 2526 781 2540 ·

497 2566 684 2626 Liber
726 2567 1091 2643 Royatorum
1123 2585 1241 2641 pro
1281 2568 1463 2640 factis
1518 2565 1715 2627 Ystrie
1757 2569 1864 2638 20,
1909 2585 1953 2626 u
1996 2568 2159 2627 mlet.
2208 2569 2439 2627 arkivu.

754 2753 1152 2838 CXXIII.
1210 2757 1416 2840 God.
1471 2757 1690 2840 1335.
1753 2755 1863 2839 20
1915 2756 2227 2857 lipnja,
2283 2778 2342 2838 u
2396 2755 2788 2837 Mletcih.

416 2878 728 2942 Odobrava
772 2900 835 2943 se
878 2885 1062 2943 nabin
1106 2885 1422 2958 vojevam'a
1467 2903 1508 2944 u
1557 2883 1709 2943 Istri
1742 2899 1827 2956 po
1877 2882 2170 2956 predloqu
2215 2882 2404 2941 kneza
2456 2881 2713 2956 krekoya
2756 2880 3039 2951 Barbula,
3085 2885 3139 2940 te

415 2982 477 3025 se
521 2969 710 3030 knezu
752 2973 1068 3032 rabskomu
1100 2973 1514 3046 preporucm'e,
1561 2972 1642 3030 da
1670 2971 1895 3043 nastoji
1938 2987 1971 3029 ο
2006 2970 2289 3042 Ρνίρναυί
2333 2969 2532 3069 sivan]
2576 2984 2651 3028 za
2682 2969 2865 3043 vojuu
2895 2987 2937 3027 u
2968 2970 3135 3027 Istri.

632 3089 819 3155 1335.
886 3092 988 3157 die
1057 3091 1143 3155 20
1220 3093 1392 3170 iunii,
1454 3093 1668 3175 capta:
1722 3089 1880 3173 quod
1944 3090 2383 3172 respondeatur
2448 3086 2661 3153 comiti
2727 3087 2904 3163 Arbi‚
2971 3106 3137 3153 reco-

416 3176 757 3242 mendando
803 3179 1263 3245 solicitudinem
1328 3198 1523 3257 suam,
1587 3178 1747 3261 quod
1808 3177 1985 3241 nobis
2050 3177 2251 3258 placet
2315 3176 2410 3241 via
2472 3175 2719 3239 Albone
2768 3177 2833 3239 et
2880 3174 3133 3254 Flaone,

415 3279 600 3343 quam
655 3266 1006 3331 recordatus
1073 3268 1171 3332 est
1232 3285 1440 3332 comes
1489 3266 1849 3342 Bartholus,
1918 3266 1982 3329 et
2041 3283 2256 3328 sumus
2299 3262 2591 3341 contenti,
2647 3263 2699 3326 si
2747 3262 2871 3345 ipsi
2921 3261 3136 3327 comiti

411 3349 711 3416 Bartholo
756 3353 1068 3419 videbitur
1114 3355 1357 3431 melius,
1421 3355 1583 3436 quod
1647 3352 1838 3418 faciat
1882 3352 2118 3416 dictam
2169 3351 2354 3429 viam,
2430 3350 2797 3415 intendendo
2844 3351 2922 3413 ad
2964 3351 3137 3415 dam-

410 3454 562 3501 num
629 3440 1020 3506 inimicorum
1084 3442 1363 3516 viriliter,
1432 3442 1592 3506 sicut
1654 3441 1825 3505 dicit.
1900 3441 1983 3504 Et
2037 3441 2367 3522 propterea
2443 3438 2747 3503 scribatur
2809 3436 3023 3503 comiti
3072 3439 3137 3502 et

410 3527 728 3591 communi
789 3528 967 3606 Arbi,
1030 3528 1191 3610 quod
1253 3529 1479 3593 faciant
1535 3527 1764 3592 armari
1831 3526 2076 3609 galeam
2143 3528 2208 3591 et
2272 3525 2511 3608 lignum
2577 3543 2761 3589 sunm
2824 3544 2934 3607 per
2980 3524 3136 3588 illud

409 3612 674 3696 tempus,
725 3614 885 3697 quod
933 3614 1239 3679 videbitur
1287 3615 1404 3698 ipsi
1452 3615 1665 3681 comiti
1731 3613 1887 3678 Arbi
1932 3632 2073 3678 cum
2129 3631 2314 3696 quam
2363 3612 2583 3677 minori
2632 3631 2892 3695 expensa
2938 3613 3137 3676 nostri

412 3701 759 3765 communis
819 3701 1080 3786 poterit;
1149 3706 1213 3767 et
1275 3704 1568 3767 mittatur
1635 3702 1825 3766 etiam
1895 3700 2110 3765 comiti
2172 3699 2408 3778 Chersi,
2466 3698 2624 3782 quod
2672 3699 2860 3763 faciat
2905 3700 3135 3763 armari

410 3803 594 3851 suum
641 3788 881 3873 lignum
928 3808 1221 3873 magnum
1265 3808 1373 3873 pro
1417 3790 1539 3855 isto
1585 3789 1858 3866 servitio,
1905 3789 2064 3852 sicut
2110 3787 2165 3852 ei
2219 3787 2448 3853 scribet
2477 3789 2686 3851 noster
2718 3805 2923 3851 comes
2957 3786 3132 3865 Arbi,

416 3874 482 3938 et
525 3876 686 3958 quod
731 3876 974 3960 lignum
1021 3879 1304 3942 nostrum
1350 3878 1682 3954 armatum,
1730 3876 1889 3958 quod
1936 3876 2034 3939 est
2077 3873 2185 3952 ibi,
2258 3875 2479 3941 debeat
2524 3891 2656 3938 esse
2702 3877 2764 3937 et
2808 3890 3123 3937 remanere

413 3979 553 4026 cum
601 3963 898 4045 predictis
945 3964 1024 4028 ad
1071 3965 1308 4030 dictum
1354 3964 1608 4030 factum.
1656 3964 1738 4028 Et
1783 3962 2096 4028 scribatur
2142 3962 2263 4045 ipsi
2307 3960 2519 4026 comiti
2568 3960 2722 4025 Arbi
2769 3962 2833 4025 et
2884 3960 3129 4037 nostris,

412 4048 573 4131 quod
620 4051 936 4116 solicitent
982 4052 1431 4135 expeditionem
1473 4052 1537 4115 et
1582 4050 1923 4116 adventum
1968 4049 2134 4114 dicte
2180 4050 2383 4132 gentis
2430 4047 2805 4131 quamcicius
2835 4050 3127 4130 possunt;

409 4136 474 4199 et
517 4154 703 4219 super
746 4138 908 4205 facto
952 4139 1379 4224 provisionum
1424 4138 1670 4204 comitis
1715 4137 1968 4221 Georgii
2029 4137 2093 4202 et
2161 4139 2290 4203 Bou
2340 4136 2554 4202 Jacobi
2605 4135 3004 4212 vicecomitis,
3054 4134 3129 4199 de

404 4224 627 4305 quibus
697 4226 962 4309 scripsit,
1032 4227 1475 4310 respondeatur
1535 4228 1609 4303 ei,
1675 4225 1840 4309 quod
1902 4243 2009 4290 nos
2075 4224 2291 4289 damus
2338 4223 2567 4287 nostris
2615 4221 3124 4287 comestabilibus

401 4309 657 4393 duplam
700 4332 948 4396 pagam,
995 4316 1156 4379 sicut
1200 4314 1329 4395 ipse
1376 4315 1549 4390 dixit,
1599 4323 1662 4378 et
1708 4314 1795 4377 sic
1852 4315 2134 4394 procuret
2184 4311 2384 4376 facere
2429 4330 2572 4375 cum
2628 4311 2717 4374 eis
2766 4328 2876 4374 suo
2920 4328 3121 4392 posse,

324 4422 337 4433 ·
399 4400 462 4460 et
493 4399 546 4462 si
593 4418 713 4463 non
758 4405 968 4484 posset
1013 4403 1128 4466 hoc
1174 4402 1470 4478 obtinere,
1540 4402 1737 4484 possit
1794 4401 2156 4482 promittere
2229 4400 2410 4476 ultra,
2489 4398 2652 4463 sicut
2700 4398 2757 4461 ei
2800 4397 3126 4462 videbitur

397 4484 620 4551 melius
667 4489 961 4568 faciendo,
1009 4490 1168 4573 quod
1232 4491 1345 4554 hoc
1406 4490 1708 4553 habeatur
1770 4489 2082 4551 secretum
2143 4487 2445 4569 quantum
2509 4487 2730 4568 potest,
2800 4485 2962 4550 sicut
3029 4504 3132 4550 res

401 4575 691 4656 exposcit.
740 4577 834 4640 De
881 4594 1000 4641 non
1057 4580 1108 4654 1,
1159 4594 1277 4641 non
1324 4576 1547 4643 sinceri
1595 4574 1657 4653 3,
1706 4577 1780 4640 de
1827 4578 2000 4657 parte
2051 4574 2194 4638 103.
2387 4596 2392 4599 ·

611 4660 844 4746 Capta:
893 4664 1055 4746 quod
1102 4665 1541 4748 respondeatur
1592 4663 1757 4727 dicto
1808 4662 2043 4726 comiiti
2081 4660 2256 4738 Arbi,
2304 4661 2469 4744 quod
2500 4661 2703 4736 verba,
2751 4679 2867 4743 que
2905 4660 3103 4742 scrip·

403 4749 487 4816 sit
529 4748 606 4816 de
650 4749 817 4818 facto
863 4751 1204 4832 Vulverini,
1274 4753 1420 4836 quia
1478 4769 1695 4818 sensus
1750 4751 1849 4815 est
1891 4749 2094 4814 facere
2139 4766 2283 4813 cum
2328 4747 2606 4831 quolibet
2647 4748 2813 4813 facta
2856 4765 2987 4827 sua,
3037 4749 3101 4813 et
