3620 5282
404 327 492 396 32

405 503 536 580 Οὓς
582 505 646 568 et
691 504 788 567 est
831 505 1012 584 capta
1053 521 1162 584 per
1202 501 1292 566 VI
1335 501 1716 566 consiliarios
1763 502 1887 566 tria
1944 501 2168 583 capita,
2216 500 2396 567 XXX
2441 499 2516 565 de
2549 499 2659 563 XL
2689 500 2753 562 et
2784 496 2949 562 ultra
2987 498 3146 561 duas

407 597 612 675 partes
656 591 906 655 maioris
954 591 1216 655 consilii.

492 700 707 759 Maius
744 700 1076 761 consilium.
1111 700 1362 758 Novella
1410 701 1511 778 74,
1559 718 1603 757 u
1647 699 1802 761 mlet.
1853 699 2086 757 arkivu.

1086 889 1261 970 Lx.
1317 886 1523 971 God.
1581 887 1812 971 1360.
1867 889 1922 969 4
1975 886 2465 985 studenoga.

406 1020 619 1095 Simun
663 1032 734 1091 de
770 1033 1004 1092 Medios
1050 1034 1188 1092 moli
1227 1033 1516 1093 mletacku
1560 1032 1762 1107 vladu,
1812 1033 1893 1090 da
1937 1031 2187 1105 melcoya
2241 1029 2547 1101 uzapdena
2603 1030 2825 1102 uyrina
2885 1028 3145 1101 odprave

407 1140 581 1195 unq.-
552 1122 708 1181 -.hrv
750 1121 823 1181 kr
825 1122 972 1194 alju,
1035 1122 1205 1194 posto
1249 1121 1626 1194 nezasluzuje
1670 1124 1835 1190 smrt,
1901 1137 1941 1177 a
1985 1120 2108 1177 ima
2149 1119 2262 1177 clm
2309 1117 2391 1175 da
2435 1116 2708 1176 naknadi
2753 1116 2910 1177 stetu
2952 1116 3034 1175 Μ
3034 1117 3143 1176 let

1485 1210 1692 1269 cauom
1736 1207 2061 1267 nanesenu.

617 1254 984 1409 Exemplum
1032 1326 1354 1391 cuiusdam
1402 1326 1612 1392 littere
1658 1326 1892 1391 domini
1942 1324 2265 1408 Symeonis
2311 1323 2556 1389 comitis
2604 1323 2679 1387 de
2713 1322 2949 1386 Medias
2999 1339 3145 1386 con·

410 1415 628 1479 siliarii
678 1415 907 1478 domini
955 1416 1117 1498 regis
1164 1417 1280 1479 etc.
1326 1414 1511 1479 misse
1580 1415 1785 1479 ducali
1835 1414 2126 1478 dominio.
2187 1413 2497 1477 Premissa
2556 1410 2911 1475 honoranda
2974 1409 3147 1473 salu-

409 1504 644 1567 tatione
690 1501 928 1584 placeat
972 1503 1378 1567 dominationi
1426 1505 1630 1568 vestre
1677 1521 1796 1566 non
1845 1502 2129 1566 laboiare
2178 1500 2377 1565 facere
2424 1520 2534 1584 per
2580 1501 2745 1563 cives
2795 1502 3028 1562 vestros
3078 1497 3142 1560 in

408 1610 617 1656 eorum
669 1590 826 1654 balis
873 1590 1340 1673 dampnificatos
1390 1591 1449 1654 in
1499 1592 1763 1654 mortem
1804 1589 2110 1654 Johannis
2158 1588 2233 1652 de
2266 1588 2532 1652 Mathka
2564 1607 2670 1670 per
2705 1605 2807 1650 vos
2840 1588 2910 1649 ut
2949 1583 3147 1667 scrip-

409 1679 580 1744 sistis
628 1679 880 1756 detenti,
929 1680 1025 1743 set
1071 1679 1332 1761 dirigere
1390 1678 1592 1760 ipsum
1661 1678 1973 1759 captivum
2040 1678 2118 1741 ad
2181 1677 2571 1740 victoriosum
2635 1674 2972 1757 principem
3037 1672 3145 1736 do-

409 1767 648 1830 minum
695 1764 1066 1831 Lodovicum
1116 1765 1435 1849 Hungarie
1486 1785 1697 1848 regem
1741 1766 2062 1830 dominum
2116 1767 2415 1841 nostrum,
2480 1782 2615 1827 curn
2674 1782 2791 1826 non
2854 1762 2939 1825 sit
3000 1779 3142 1824 reus

410 1855 650 1931 mortiS‚
716 1854 780 1916 et
839 1855 1068 1919 habeat
1123 1854 1283 1917 unde
1346 1853 1584 1918 solvere
1646 1852 1872 1918 vestris
1940 1853 2178 1918 civibus
2244 1851 2716 1933 dampnificatis.
2781 1851 2912 1914 Nos
2976 1849 3142 1911 enim

409 1961 614 2007 amore
664 1942 854 2006 vestri
900 1942 1233 2007 ethonore
1282 1941 1515 2005 domini
1563 1941 1756 2005 nostri
1804 1941 2222 2006 laboravimus
2271 1940 2329 2002 in
2382 1939 2701 2022 premissis
2742 1937 2909 2001 iuxta
2943 1954 3143 2018 posse.

414 2031 578 2094 Data
625 2034 768 2095 ante
815 2030 1107 2095 bastitam
1154 2028 1254 2092 die
1301 2028 1390 2091 IV
1424 2028 1796 2094 novembris.
1848 2027 2077 2111 Symon
2125 2047 2330 2093 comes
2379 2030 2449 2090 de
2482 2028 2718 2091 Medies
2757 2023 3145 2089 consiliarius

410 2118 646 2181 domini
694 2117 859 2197 regis
906 2120 1025 2182 etc.

502 2225 1074 2286 Commemore'alium
1130 2225 1232 2284 VI.
1278 2227 1379 2294 96,
1419 2242 1460 2284 u
1505 2224 1661 2283 mlet.
1711 2225 1948 2283 arkivu.

790 2416 1011 2497 Lxl.
1066 2412 1275 2495 God.
1327 2412 1554 2495 1360.
1609 2412 1659 2498 5
1713 2412 2208 2512 studenoga,
2263 2433 2324 2493 ιι
2375 2410 2764 2493 Mletcih.

412 2561 623 2620 Prima
665 2575 744 2627 se,
791 2559 874 2617 da
915 2576 978 2618 se
1011 2559 1257 2631 posab'u
1304 2559 1385 2616 tri
1416 2557 1672 2618 ευεόαηα
1692 2559 2019 2631 poslanika
2058 2559 2096 2616 k
2126 2556 2457 2633 Μαι-λη).
2502 2556 2723 2628 kralju,
2771 2557 2826 2612 te
2870 2570 2932 2613 se
2976 2557 3145 2612 usta-

1128 2647 1390 2719 novb'tqjc
1430 2648 1634 2707 trosak
1675 2664 1750 2708 za
1793 2648 2031 2720 njihovo
2074 2648 2415 2719 putovanje.

627 2767 813 2833 1360.
877 2766 1207 2832 indictione
1253 2765 1422 2830 XIV.
1473 2766 1571 2831 die
1613 2765 1669 2829 V
1717 2764 2089 2845 novembriS,
2161 2766 2413 2847 captum
2482 2767 2577 2828 est
2638 2764 2698 2828 in
2744 2760 3001 2827 consilio
3045 2779 3144 2825 ro-

413 2858 724 2940 gatorum,
772 2855 928 2939 quod
979 2854 1310 2919 mittantur
1356 2853 1432 2917 ad
1470 2855 1787 2919 dominnm
1837 2873 2047 2937 regem
2092 2853 2410 2935 Hungarie
2469 2854 2594 2916 tres
2638 2851 2946 2916 solemnes
3009 2868 3144 2913 am-

415 2945 756 3023 baxatores‚
805 2961 1065 3026 quorum
1112 2961 1269 3007 nnus
1316 2942 1401 3006 sit
1445 2943 1852 3007 cancellarius
1899 2943 2128 3019 noster,
2179 2941 2282 3023 qui
2330 2940 2553 3005 habere
2600 2939 2867 3004 debeant
2926 2939 3000 3001 de
3042 2955 3145 3001 sa-

416 3033 571 3097 lario
620 3031 811 3095 libras
857 3028 1005 3096 CCC
1057 3049 1161 3112 pro
1204 3028 1481 3114 quolibet
1525 3049 1634 3113 pro
1682 3030 1884 3095 tribus
1932 3029 2250 3093 mensibus
2296 3031 2413 3092 etc.
2478 3031 2544 3092 et
2601 3046 2718 3091 non
2779 3025 3018 3108 possint
3079 3043 3143 3088 se

413 3137 704 3185 excusare
751 3119 848 3184 vel
895 3116 1166 3183 refutare
1212 3118 1327 3182 snb
1373 3136 1530 3201 pena
1575 3118 1940 3183 ducatorum
1987 3116 2234 3182 centum
2283 3135 2392 3198 pro
2455 3116 2732 3198 quolibet
2800 3114 2970 3178 salvo
3033 3130 3141 3195 pro

413 3207 653 3273 defectu
699 3225 954 3289 persone
1001 3208 1119 3270 etc.

500 3297 714 3355 Maius
758 3296 1085 3356 consilium.
1130 3296 1381 3356 Novella
1427 3297 1528 3376 75,
1576 3314 1619 3355 u
1664 3296 1819 3356 mlet.
1867 3296 2100 3355 arkivu.

728 3483 1000 3567 Lxu.
1054 3483 1262 3567 God.
1315 3484 1552 3569 1360.
1604 3486 1693 3568 17
1747 3485 2244 3585 studenoga,
2298 3506 2359 3566 ιι
2414 3487 2824 3585 Zagrebu.

412 3630 702 3711 Ljudevit
761 3630 1087 3706 aqam-hm.
1151 3630 1311 3702 kralj
1367 3631 1707 3704 zahvaljuje
1764 3648 1828 3690 se
1879 3630 2243 3689 Mletcanom
2310 3647 2393 3688 na
2460 3631 2694 3702 njihovo
2762 3629 3142 3702 saialovanje

412 3721 551 3781 radi
592 3721 765 3780 smrti
807 3720 1054 3794 njeyova
1098 3718 1324 3778 necaka
1368 3720 1584 3793 Ιυαηα,
1629 3718 1861 3792 obecaje
1905 3720 1988 3777 im
2022 3720 2203 3791 pako,
2249 3718 2331 3776 da
2373 3717 2435 3777 de
2479 3719 2559 3775 im
2598 3718 2920 3777 naknaditc·
2964 3717 3142 3777 §leode

1239 3808 1511 3879 naimone
1555 3807 1631 3867 od
1673 3807 1946 3881 meyovih
1978 3806 2309 3879 podanilca.

625 3925 998 4009 Exemplum
1065 3924 1415 3990 litterarum
1482 3926 1709 3991 domini
1772 3926 1938 4010 regis
1997 3926 2319 4011 Hungarie
2364 3926 2699 3990 missarum
2759 3926 2962 3993 ducali
3036 3927 3142 3991 do-

415 4016 740 4082 minationi
789 4032 895 4097 pro
941 4013 1157 4096 spoliis
1203 4015 1550 4078 nostratum
1597 4019 1714 4080 etc.
1778 4015 1996 4078 Amice
2059 4015 2396 4080 carissime.
2462 4014 2660 4099 Super
2719 4033 2788 4080 eo
2849 4016 3009 4099 qnod
3065 4016 3142 4080 de

414 4105 610 4168 morte
659 4102 859 4167 felicis
906 4102 1202 4167 memorie
1266 4101 1533 4166 illustris
1579 4101 1882 4168 Johannis
1928 4104 2167 4185 nepotis
2223 4104 2411 4167 nostri
2457 4103 2782 4181 carissimi,
2846 4105 3142 4186 quemad-

414 4196 662 4256 modum
710 4191 941 4273 legatio
987 4190 1369 4255 Bartolomei
1419 4190 1608 4254 vestri
1655 4191 1877 4256 notarii
1928 4193 1989 4254 et
2036 4190 2244 4255 nuncii
2279 4190 2653 4269 continebat,
2703 4191 2980 4255 animum
3034 4210 3140 4274 ge-

414 4276 553 4340 ritis
609 4296 681 4340 ex
744 4277 985 4342 intimis
1047 4278 1501 4359 conpassivum‚
1574 4277 1744 4344 vobis
1805 4278 1884 4343 ad
1941 4278 2251 4343 uberimas
2314 4279 2547 4361 gratias
2597 4280 2981 4362 assurgimus
3040 4298 3142 4358 ac-

415 4363 633 4426 tiones,
684 4364 806 4428 Vos
853 4364 1290 4430 nichilominus
1336 4366 1494 4430 scire
1543 4367 1879 4450 cupientes,
1927 4367 2090 4450 quod
2137 4385 2244 4430 nos
2283 4385 2357 4430 ex
2404 4366 2616 4447 spolio,
2671 4367 2831 4449 qnod
2880 4366 3140 4448 quedam

418 4451 637 4533 gentes
683 4453 914 4528 nostre,
957 4452 1180 4535 quibus
1228 4471 1334 4534 per
1381 4456 1576 4517 terras
1623 4456 1863 4520 vestras
1919 4455 2152 4518 intuitu
2212 4457 2420 4518 nostio
2481 4453 2747 4517 liberum
2809 4453 3141 4536 prebuistis

416 4535 751 4601 transitum
794 4538 858 4601 in
903 4539 1198 4605 tervisina
1238 4541 1535 4619 marchia,
1586 4543 1749 4607 sicut
1794 4542 1996 4606 dictus
2058 4541 2277 4605 retulit
2329 4540 2811 4619 Bartholomeu8‚
2883 4542 3142 4605 commi-

418 4624 653 4697 serunt
702 4641 824 4688 non
872 4626 1180 4691 modicum
1230 4628 1681 4728 perturbamur.
1730 4629 2052 4712 Rogantes
2098 4646 2208 4695 vos
2254 4633 2603 4708 affectuose,
2666 4633 2964 4711 quatenns
3027 4631 3141 4692 hu-

417 4709 688 4777 iusmodi
734 4709 1134 4793 spoliatorum
1181 4715 1431 4780 nomina
1475 4715 1540 4780 et
1574 4717 1932 4782 ablatarum
1971 4735 2178 4782 rerum
2216 4716 2487 4782 valorem
2532 4716 2597 4780 in
2646 4717 2869 4781 litteris
2916 4715 3139 4782 vestris
