3620 5282
3037 347 3167 414 425

455 526 572 593 tris
619 525 838 609 galeis,
885 525 1041 609 quod
1088 524 1361 590 habeant
1407 521 1876 594 reccommissos
1944 522 2395 607 brigantinum,
2465 525 2708 607 galeam
2787 527 2852 591 et
2909 526 3171 592 barchae

445 616 704 691 vestrae,
754 612 1085 678 dummodo
1160 631 1279 677 non
1358 612 1730 690 inveniatur,
1799 614 1961 693 quod
2009 613 2410 678 damnificent
2454 615 2570 693 vel,
2600 615 2911 680 offendant
2956 634 3170 697 quem-

448 721 634 787 quam
682 700 900 777 alium,
978 703 1042 765 et
1087 701 1177 765 sic
1217 700 1464 782 placeat
1501 699 1685 765 dictis
1734 700 2105 782 brigantino,
2154 701 2331 783 galee
2381 703 2445 765 et
2486 700 2734 766 barchis
2770 703 2992 767 vestris
3024 702 3171 766 dare

446 790 782 855 efficaciter
825 789 889 853 in
936 787 1266 853 mandatis.
1300 787 1397 851 Ad
1432 788 1667 853 factum
1701 788 2269 853 Anchonitanorum
2306 788 2588 866 dicimus,
2621 790 2801 871 quod,
2850 794 2917 855 ut
2951 793 3171 854 neutra

450 878 724 962 partium
783 876 1009 941 habeat
1051 894 1302 941 causam
1350 874 1611 941 ulterius
1660 873 1922 940 faciendi
1971 875 2167 941 facere
2213 895 2331 954 res,
2381 895 2499 957 que
2570 878 2837 960 augeant
2903 877 3168 942 inimici-

454 965 575 1031 tias
622 966 685 1029 et
731 965 975 1041 damna,
1024 963 1408 1029 decrevimus
1454 963 1617 1028 dicte
1664 964 2101 1027 communitati
2148 961 2443 1029 Anchone
2490 964 2758 1030 scribere
2806 984 2988 1047 super
3055 965 3170 1030 hoc

453 1052 615 1118 facto
659 1051 724 1117 in
769 1051 882 1116 illa
927 1052 1141 1128 forma,
1190 1071 1306 1134 que
1354 1050 1663 1116 videbit-ur
1712 1051 1888 1115 nobis
1938 1050 2304 1128 necessaria,
2347 1050 2647 1116 hortando
2712 1054 2775 1117 et
2836 1053 3172 1117 inducendo

444 1141 687 1210 ⁴dictam
736 1140 1269 1214 communitatem,
1319 1138 1479 1221 quod
1549 1140 1634 1203 sit
1692 1140 1982 1203 contenta
2053 1138 2127 1202 de
2198 1137 2663 1221 interpositione
2735 1142 2943 1204 nostra
3011 1141 3174 1205 circa

454 1228 610 1293 istas
657 1225 1057 1300 differentias,
1107 1227 1271 1292 circa
1317 1245 1468 1309 quas
1512 1227 1661 1291 bene
1725 1226 1994 1290 vidimus
2058 1230 2123 1292 et
2182 1226 2345 1290 clare
2403 1227 2998 1309 comprehendimus,
3066 1247 3172 1293 vos

453 1317 731 1398 accipere
776 1317 840 1380 et
878 1316 1102 1379 habere
1149 1314 1210 1378 in
1259 1315 1437 1379 nobis
1488 1332 1777 1397 magnam
1855 1314 2308 1389 confidentiam,
2387 1333 2458 1377 ex
2521 1314 2636 1379 hoc
2698 1315 2871 1379 vobis
2931 1316 3172 1380 abunde

456 1403 885 1487 regratiantes.
928 1403 1010 1467 Et
1056 1405 1379 1486 propterea
1427 1422 1609 1485 super
1656 1403 1767 1466 hoc
1814 1402 1976 1467 facto
2042 1402 2614 1466 Anchonitanorum
2691 1421 2973 1486 rogamus
3039 1424 3173 1469 ves-

456 1492 619 1556 tram
660 1490 1160 1567 benivolentiam,
1210 1491 1500 1573 quatinus
1547 1490 1787 1573 placeat
1837 1491 1927 1554 nil
1974 1489 2234 1553 ulterius
2284 1490 2595 1568 innovare,
2636 1510 2745 1554 nec
2809 1490 2884 1553 ad
2934 1491 3169 1573 aliquid

452 1579 622 1644 aliud
684 1578 946 1643 ulterius
1007 1579 1349 1660 procedere,
1409 1579 1617 1650 donec,
1654 1577 1898 1642 ¹habita
1967 1597 2070 1658 per
2131 1595 2240 1640 nos
2277 1578 2668 1677 responsione
2714 1596 2751 1641 a
2783 1579 2960 1642 ,dicta
3006 1598 3173 1643 com-

454 1667 757 1732 munitate
803 1665 1122 1743 Anchone,
1172 1665 1343 1730 vobis
1392 1666 1820 1748 scripserimus
1870 1665 2216 1747 superinde,
2265 1666 2530 1747 paratoS,
2575 1665 2625 1729 si
2675 1666 2856 1729 dictis
2923 1665 3171 1731 Ancho-

452 1753 684 1823 nitanis
731 1754 1036 1836 placuerit
1080 1756 1288 1818 nostra
1336 1753 1743 1836 interpositio,
1791 1771 2014 1835 ponere
2061 1755 2274 1817 nostro
2325 1772 2495 1834 posse
2544 1752 2862 1835 pacificam
2912 1759 2976 1818 et
3022 1771 3169 1817 con-

450 1840 694 1907 cordem
745 1841 1252 1924 compositionem
1300 1841 1668 1906 differentiis
1713 1839 2064 1905 antedictis.

657 1928 888 2012 Capta:
938 1928 1388 1995 Communitati
1435 1930 1730 1993 Anchone
1776 1929 2081 1993 scribatur
2144 1930 2206 1993 in
2271 1928 2384 1991 hac
2445 1927 2664 2004 forma,
2726 1928 3047 1993 videlicet:
3100 1932 3169 1992 ut

452 2017 738 2083 omnibus
780 2020 991 2081 notum
1040 2036 1173 2081 esse
1219 2016 1423 2099 potuit
1468 2019 1652 2100 atque
1700 2019 1907 2098 potest
1955 2016 2145 2080 nostri
2196 2018 2383 2080 moris
2432 2036 2672 2096 semper
2719 2016 2859 2092 fuit,
2909 2016 3011 2080 ubi
3044 2017 3170 2080 dis-

452 2107 659 2170 cordia
704 2106 806 2179 sit,
858 2124 1112 2187 querere
1159 2106 1300 2187 poni
1349 2123 1564 2186 pacem
1612 2110 1672 2169 et
1698 2104 2093 2169 concordiam
2138 2107 2202 2168 et
2248 2103 2602 2186 specialiter
2651 2105 2809 2168 inter
2855 2104 3172 2167 circavici-

453 2211 563 2258 nos
612 2194 677 2257 et
721 2192 950 2256 amicos
1000 2195 1261 2256 nostros.
1312 2190 1467 2256 Cum
1499 2192 1693 2274 igitur
1726 2191 2221 2274 vicecapitaneus
2265 2195 2613 2255 nostrarum
2650 2191 2968 2272 galearum
3006 2193 3172 2268 culfi,

449 2281 649 2345 sciens
696 2280 856 2343 hanc
903 2281 1177 2344 nostram
1226 2280 1650 2354 intentionem,
1701 2281 1778 2343 ob
1824 2298 2120 2354 amorem,
2171 2299 2351 2361 quem
2433 2279 2604 2344 vobis
2673 2279 2966 2360 gerimus,
3016 2280 3174 2343 libe-

450 2369 572 2434 rari
618 2367 835 2432 fecerit
880 2367 1186 2450 quoddam
1259 2371 1558 2433 vestrum.
1598 2370 1915 2449 navigium
1987 2370 2236 2448 captum
2307 2387 2432 2450 per
2486 2386 2671 2430 unum
2745 2367 3170 2449 brigantinum

451 2458 580 2521 sive
628 2455 970 2538 galeottam
1019 2454 1295 2520 civitatis
1345 2453 1604 2537 Spaleti‚
1652 2456 1906 2537 accepta
1956 2454 2364 2537 promissione
2434 2454 2512 2519 ab
2589 2454 2675 2517 eis
2724 2456 2797 2517 de
2867 2454 3173 2518 reddendo

449 2545 627 2610 nobis
689 2542 923 2607 dictum
1001 2542 1423 2625 brigantinum
1486 2542 1561 2607 ad
1624 2562 1799 2606 omne
1878 2545 2158 2607 nostrum
2226 2542 2705 2624 beneplacitum,
2769 2541 2932 2623 quod
2999 2543 3173 2607 nobis

447 2632 705 2717 placuit,
752 2651 827 2695 ne
875 2630 1084 2714 plures
1133 2630 1443 2696 novitates
1491 2634 1556 2695 et
1601 2630 1828 2694 damna
1873 2629 2431 2707 committerentur,
2484 2633 2546 2694 et
2595 2650 2700 2713 per
2742 2628 2977 2694 dictum
3015 2630 3174 2696 vice-

449 2723 844 2804 capitaneum
896 2719 1075 2783 nobis
1121 2718 1269 2784 data
1317 2719 1400 2782 sit
1447 2718 1818 2796 informatio,
1868 2719 2099 2784 dictam
2149 2719 2656 2782 communitatem
2722 2717 2956 2800 Spaleti
3006 2737 3173 2782 asse-

450 2829 604 2885 rere,
654 2827 720 2872 se
761 2807 986 2871 habere
1034 2808 1227 2871 iustas
1277 2797 1642 2888 represalia‘s
1713 2812 1926 2871 contra
1994 2824 2102 2870 vos
2152 2805 2227 2869 ob
2299 2807 2519 2870 damna
2581 2805 2698 2868 sibi
2751 2806 2946 2880 illata,
2997 2809 3059 2870 et
3108 2811 3175 2870 ut

453 2897 630 2961 scitis
682 2914 928 2976 semper
975 2894 1444 2976 quesiverimuS,
1495 2894 1654 2977 quod
1701 2895 2050 2959 habitantes
2099 2912 2284 2974 supra
2328 2894 2489 2957 hunc
2565 2893 2800 2956 culfum
2853 2913 2960 2976 per
3007 2913 3176 2959 mare

449 3003 568 3048 non
614 2983 1014 3048 damnificent
1059 3001 1126 3046 se
1157 2982 1554 3057 alterutrum,
1588 2986 1649 3046 et
1683 2983 1970 3058 maxime,
2006 3000 2156 3063 quos
2191 2981 2491 3045 habemus
2526 2983 2589 3044 et
2627 2984 2911 3044 tenemus
2944 2983 3174 3046 amicos

451 3074 638 3154 atque
684 3070 1019 3148 benivoloS,
1070 3069 1233 3134 sicut
1276 3075 1421 3133 sunt
1470 3073 1672 3134 vestra
1698 3069 2112 3134 communitas
2139 3071 2201 3133 et
2224 3069 2442 3133 civitas
2485 3067 2754 3149 Spaleti3
2804 3088 2918 3131 non
2963 3069 3171 3132 viden-

451 3162 546 3223 tes
596 3157 763 3222 aliud
814 3157 1037 3221 melius
1085 3157 1360 3222 medium
1414 3157 1510 3221 vel
1558 3157 1898 3221 remedium
1947 3158 2009 3220 in
2056 3158 2191 3232 hoc,
2241 3175 2423 3238 quam
2476 3157 2631 3238 quod
2667 3157 3059 3238 acceptemus
3086 3156 3176 3220 la-

450 3246 664 3310 borem
714 3245 1142 3326 interponendi
1192 3264 1297 3309 nos
1345 3244 1410 3309 in
1456 3245 1597 3308 istis
1647 3244 2033 3321 differentiis,
2085 3249 2285 3308 vestre
2332 3243 2651 3308 nobilitati
2716 3243 3170 3325 magnificentie

450 3333 767 3398 offerimus
841 3332 1216 3396 confidenter
1283 3331 1813 3416 interpositionem
1878 3336 2172 3408 nostram,
2239 3334 2312 3395 de
2375 3350 2491 3414 qua
2556 3349 2623 3394 ex
2689 3350 2847 3394 nunc
2899 3349 3174 3412 compre-

453 3419 804 3495 hendimuS‚
852 3418 1200 3501 Spalatinos
1244 3439 1375 3483 esse
1420 3422 1756 3495 contentoS,
1806 3422 1871 3484 et
1915 3424 2238 3502 propterea
2291 3439 2391 3481 vos
2444 3421 2782 3492 hortamur,
2835 3423 2903 3482 ut
2936 3419 3176 3499 placeat

456 3508 614 3573 velle
665 3524 872 3570 secum
922 3506 997 3570 ad
1046 3507 1402 3571 concordem
1451 3508 1956 3589 compositionem
2009 3509 2231 3583 venire,
2283 3508 2346 3570 et
2391 3507 2441 3569 si
2515 3509 2724 3570 nostra
2785 3507 3173 3587 interpositio

451 3598 516 3660 et
557 3594 850 3658 mediatio
897 3594 1070 3658 vobis
1118 3598 1216 3658 est
1260 3597 1458 3678 grata,
1509 3597 1719 3678 parate
1766 3598 2043 3659 vestrum
2116 3597 2449 3670 oratorem,
2519 3593 2743 3658 vestris
2812 3593 3051 3657 iuribus
3114 3598 3176 3658 et

449 3682 794 3748 intentione
842 3682 1265 3758 informatum,
1316 3682 1461 3765 quia
1508 3684 1730 3759 subito,
1776 3702 1915 3746 cum
1963 3683 2346 3755 sciverimus,
2397 3701 2504 3745 vos
2552 3683 2623 3744 de
2674 3683 2784 3745 hac
2841 3681 3172 3763 interposi·

447 3772 612 3836 tione
679 3771 887 3833 nostra
934 3788 1070 3833 esse
1116 3773 1459 3844 contentos,
1509 3770 1852 3836 scribemus
1899 3769 2334 3835 communitati
2386 3769 2638 3851 Spaleti‚
2703 3787 2887 3850 quam
2958 3770 3015 3831 in
3064 3770 3177 3833 hoc

448 3858 1025 3940 comprehendimus
1072 3862 1238 3921 certe
1286 3856 1413 3921 fore
1475 3859 1708 3939 aprime
1778 3860 2160 3939 dispositam,
2235 3856 2395 3940 quod
2467 3856 2678 3918 mittat
2749 3855 2825 3918 ad
2898 3858 3169 3920 nostram

447 3946 820 4030 presentiam
868 3945 1137 4027 aliquem
1188 3945 1261 4008 de
1309 3944 1545 4009 iuribus
1592 3949 1653 4008 et
1699 3947 2042 4009 intentione
2091 3965 2202 4010 sua
2245 3946 2531 4009 edoctum
2587 3947 2651 4006 et
2683 3942 3056 4007 instructum
3091 3944 3166 4008 ad

447 4036 717 4118 plenum,
766 4033 890 4115 qui,
937 4051 1077 4096 cum
1126 4033 1418 4096 Venetias
1465 4032 1852 4114 applicuerit,
1906 4034 2076 4097 vobis
2127 4031 2601 4107 notificabimuS,
2654 4033 2721 4094 ut
2772 4031 3044 4095 mittatis
3088 4032 3176 4094 si-

446 4123 683 4186 militer
730 4121 1023 4185 Venetiae
1070 4120 1554 4184 ambassatorem
1609 4122 1881 4185 vestrum
1931 4121 2298 4202 predictum,
2348 4120 2634 4200 rogantes
2684 4119 3170 4182 benevolentiam

449 4215 741 4286 vestram,
792 4211 1096 4291 quatenus
1143 4208 1385 4289 placeat
1429 4208 1739 4272 abstinere
1787 4211 1851 4270 et
1896 4208 2193 4272 abstineri
2243 4209 2440 4272 facere
2511 4207 2812 4269 vestrates
2886 4206 2964 4268 ab
3013 4207 3175 4270 infe-

448 4297 635 4362 rendo
681 4298 920 4379 aliquas
969 4297 1277 4360 novitates
1326 4294 1421 4359 vel
1467 4295 1691 4360 damno
1740 4294 2114 4377 SpalateniS,
2160 4296 2384 4378 quibus
2433 4293 2727 4357 similiter
2781 4292 3171 4376 scripsimus,

449 4388 535 4463 ut,
586 4386 748 4450 sicut
794 4386 1104 4467 optamus,
1152 4385 1226 4448 ad
1283 4401 1499 4465 pacem
1560 4385 1625 4448 et
1673 4385 1897 4448 bonam
1939 4383 2454 4467 compositionem
2505 4383 2714 4463 partes
2764 4383 3013 4444 auctore
3060 4382 3168 4445 do-

442 4474 610 4538 mino
657 4472 1051 4537 reducantur.

532 4579 710 4639 Mtsti
759 4579 960 4639 XLV.
1012 4580 1113 4649 12,
1159 4596 1202 4638 u
1239 4572 1397 4640 nolet.
1446 4579 1681 4638 arkivu.
