3620 5282
3010 377 3094 442 83

380 552 788 630 baxatoribuS,
837 554 942 637 qni
987 554 1132 617 sunt
1176 552 1438 636 Neapoli
1502 572 1611 636 per
1676 570 1891 618 manus
1953 552 2334 636 duplicatas,
2401 571 2509 636 per
2572 551 2806 636 primos
2851 554 3094 619 nostros

379 642 645 720 nuncioS,
695 641 802 725 qui
849 642 1171 707 videantur
1217 643 1485 719 domino,
1534 641 1945 719 consiliariis,
1994 642 2303 724 capitibus
2346 644 2410 705 et
2457 641 2875 724 sapientibus,
2923 641 3086 726 quod

378 728 536 795 circa
594 731 935 795 tractatum
996 731 1303 795 concordii
1365 749 1505 795 cum
1567 729 1815 794 domino
1878 748 2022 814 rege
2069 730 2377 814 Ungarie,
2442 732 2738 812 quantum
2795 730 2861 795 in
2921 731 3089 795 facto

377 817 559 883 dandi
607 819 727 883 sibi
772 819 1094 902 pecuniam
1144 819 1463 883 annuatim
1514 819 1847 900 sequantur
1891 817 2154 882 formam
2218 837 2325 882 sue
2371 817 2862 897 commissioniS,
2910 820 2979 885 et
3020 819 3093 884 ut

377 905 602 971 factum
646 908 845 990 possit
887 907 1158 990 recipere
1205 906 1388 971 finem
1435 925 1543 989 per
1588 906 1826 971 dictum
1871 906 2119 971 modum
2168 905 2350 971 dandi
2392 906 2714 989 pecuniam
2746 905 3087 986 annuatim,

374 994 621 1073 faciant,
668 997 741 1060 ut
786 995 875 1059 eis
918 995 1361 1073 commisimuS,
1412 997 1477 1060 et
1521 993 1595 1083 de
1641 994 2029 1077 providencia
2085 1012 2196 1060 sua
2258 1013 2593 1077 speramus.
2661 993 2727 1060 Si
2788 1012 2931 1060 vero
2984 1013 3093 1077 per

375 1083 602 1148 dictum
651 1082 901 1147 modum
951 1102 1047 1147 res
1093 1101 1212 1147 non
1258 1085 1469 1165 posset
1514 1083 1782 1147 efectum
1827 1083 2116 1166 recipere,
2156 1085 2220 1148 et
2259 1084 2580 1166 propterea
2626 1080 2938 1148 venissent
2981 1101 3091 1150 seu

372 1171 495 1235 iam
537 1172 866 1249 venissent,
915 1172 1244 1235 dummodo
1309 1170 1497 1235 nichil
1560 1172 1987 1253 promisissent
2048 1170 2145 1235 vel
2206 1170 2559 1236 firmassent
2619 1189 2802 1253 super
2862 1172 3088 1254 puncto
3181 1216 3190 1229 κ

374 1277 476 1324 sue
522 1259 973 1324 commissionis
1020 1260 1370 1325 continente
1408 1259 1483 1324 de
1528 1254 1728 1323 dando
1773 1258 1993 1323 statim
2031 1260 2453 1343 quantitatem
2501 1259 2894 1342 pecuniarum
2947 1276 3089 1343 spe-

374 1347 677 1413 cificatam
724 1349 787 1411 in
833 1348 996 1412 dicta
1042 1366 1157 1411 sna
1187 1346 1635 1424 commissione,
1688 1348 2016 1412 mandetur
2053 1348 2162 1421 eis,
2210 1348 2375 1430 quod
2424 1365 2606 1430 super
2652 1346 2815 1413 dicto
2862 1350 3087 1429 puncto

374 1454 484 1500 non
531 1436 870 1520 procedant
913 1437 990 1499 ad
1037 1437 1403 1500 firmandum
1452 1454 1557 1501 seu
1605 1434 2089 1518 promittendum
2138 1434 2372 1518 aliquid
2414 1436 2647 1519 absque
2693 1437 2903 1500 nostro
2950 1455 3089 1519 spe-

374 1523 515 1588 ciali
563 1525 872 1603 mandate,
921 1524 1030 1589 sed
1077 1524 1327 1588 trahant
1372 1526 1438 1588 et
1483 1524 1778 1601 senciant,
1827 1522 2112 1606 quicquid
2160 1523 2362 1590 facere
2409 1525 2738 1605 poterunt,
2799 1525 2863 1589 et
2908 1522 3081 1589 nobis

372 1612 713 1678 rescribant
757 1615 821 1677 et
865 1631 1045 1677 sunm
1091 1612 1413 1677 consilinm
1460 1614 1525 1676 et
1568 1614 1848 1676 nostrum
1909 1613 2232 1695 expectent
2289 1610 2686 1691 mandatum,
2750 1610 2940 1677 nichil
2981 1612 3086 1677 fir-

370 1700 591 1766 mando
638 1719 751 1766 nec
792 1700 1211 1783 promittando
1257 1718 1440 1782 super
1476 1700 1641 1764 dicto
1672 1700 1895 1764 ultimo
1928 1701 2155 1783 puncto
2200 1700 2416 1764 statim
2449 1698 2634 1764 dandi
2666 1700 3083 1783 quantitatem

371 1790 628 1871 pecunie
674 1790 1113 1872 specificatam,
1161 1791 1232 1853 ut
1278 1788 1511 1853 dictum
1561 1793 1677 1865 est,
1724 1788 1921 1870 abque
1946 1790 2154 1853 nostro
2200 1787 2514 1862 mandato,
2560 1806 2678 1852 non
2701 1787 3081 1871 derrogaudo

373 1880 621 1960 propter
666 1877 969 1961 premissa
1008 1876 1193 1942 alicui
1240 1876 1513 1941 libertati
1555 1876 1839 1960 possendi
1890 1875 2088 1941 redire
2133 1875 2430 1941 Venecias
2477 1874 2596 1940 sibi
2642 1876 2785 1941 date
2826 1894 2936 1959 per
2978 1875 3085 1941 lit-

368 1968 531 2031 teras
570 1965 694 2030 sibi
739 1966 959 2030 missas
1007 1985 1113 2048 per
1158 1964 1528 2048 Rafaynum,
1578 1967 1642 2029 et
1687 1963 2023 2029 secundum
2069 1964 2335 2028 formam
2380 1963 2735 2028 litterarum
2782 1963 3078 2047 ipsarum.

370 2052 598 2120 Verum
646 2054 711 2117 di
756 2053 956 2119 dictus
1015 2073 1119 2117 rex
1180 2055 1493 2118 recusaret
1556 2052 1832 2136 elongari
1878 2052 1965 2117 eis
2011 2052 2347 2117 terminum
2407 2051 2686 2131 fidancie,
2735 2053 2799 2116 et
2841 2052 2917 2117 ob
2963 2051 3079 2117 hoc

369 2141 675 2207 videretur
720 2143 808 2208 eis
856 2161 1029 2207 mora
1058 2159 1166 2206 sua
1200 2141 1559 2224 periculosa,
1612 2139 1943 2206 mandatur
1988 2141 2097 2218 eis,
2147 2140 2306 2224 qnod
2355 2140 2412 2204 in
2461 2139 2886 2205 deffectionem
2916 2137 3082 2206 dicte

368 2230 737 2306 securitatis
785 2249 903 2314 que
948 2248 1068 2295 non
1115 2227 1508 2311 elongaretur
1554 2229 1677 2308 eie,
1723 2229 2127 2311 relinquimus
2174 2229 2236 2292 in
2293 2246 2506 2295 eorum
2563 2228 2822 2293 arbitrio
2871 2227 3080 2294 standi

371 2328 429 2383 et
472 2318 792 2396 veniendi,
841 2319 1000 2383 sicut
1059 2318 1148 2382 eis
1210 2317 1546 2392 videbitur,
1597 2319 1660 2382 et
1706 2317 2115 2382 informentur
2157 2315 2312 2382 dicti
2371 2315 2578 2382 nuncii
2625 2316 2772 2382 ituri
2818 2317 2894 2381 de
2942 2334 3076 2381 om-

374 2406 552 2471 nibus
597 2407 790 2485 novis,
840 2425 955 2490 que
996 2405 1329 2482 habemus,
1378 2407 1449 2471 nt
1508 2405 1619 2469 illa
1661 2404 1953 2470 distincte
2015 2404 2227 2470 dicant
2284 2404 2784 2469 ambaxatoribus
2828 2405 3075 2482 nostris,

371 2496 439 2558 nt
481 2495 663 2579 plene
706 2494 903 2560 sciant
935 2495 1200 2560 motivos
1246 2497 1311 2559 et
1354 2512 1587 2569 causaS,
1637 2512 1754 2576 que
1781 2511 1891 2558 nos
1932 2492 2235 2559 inducunt
2279 2495 2356 2557 ad
2382 2493 2770 2558 scribendum
2819 2492 2907 2558 eis
2938 2512 3077 2576 pre-

365 2580 549 2649 dicta.
597 2583 680 2649 Et
723 2601 833 2668 pro
860 2583 1078 2649 maiori
1123 2581 1512 2668 expedicione
1538 2581 1845 2647 dictorum
1870 2582 2310 2647 mittendorum
2343 2581 2578 2665 possint
2620 2581 2785 2647 mitti
2833 2579 3075 2666 lignum

364 2674 425 2737 et
468 2671 691 2738 barche
734 2671 956 2756 riperie
1002 2671 1301 2751 Marchie,
1348 2671 1509 2737 sicut
1554 2670 2001 2736 neccessarium
2046 2671 2183 2736 erit.

445 2761 602 2824 Scor.
648 2779 807 2826 cons·
852 2768 1038 2838 royac.
1084 2763 1161 2821 B.
1208 2765 1267 2833 8,
1312 2780 1355 2822 u
1398 2764 1613 2822 arkivu
1664 2762 2025 2822 mletac‘kom.

733 2952 1113 3036 cxxvl.
1170 2952 1374 3036 eon.
1430 2953 1659 3035 1348.
1711 2953 1768 3036 4
1820 2951 2137 3054 muna,
2192 2974 2252 3033 u
2304 2950 2696 3033 motem.

361 3082 585 3142 Nalaie
619 3099 683 3142 ae
715 3081 1107 3157 poslant’kom,
1153 3081 1275 3154 koji
1317 3095 1391 3139 su
1434 3081 1534 3140 υεό
1578 3081 1682 3139 bila·
1722 3081 1838 3141 leod
1879 3081 2213 3155 uyarskoya
2234 3078 2451 3151 kraha,
2498 3078 2580 3137 da
2607 3093 2668 3137 se
2689 3094 2724 3137 s
2743 3078 3072 3154 uqarskimi
3177 3112 3186 3126 ·

504 3170 825 3245 ·poslanici
865 3173 1136 3238 sustuna,
1183 3170 1206 3227 i
1250 3169 1332 3228 da
1375 3186 1407 3228 ο
1450 3173 1566 3228 tom
1603 3170 1896 3243 doyovoru
1932 3171 2090 3242 svoje
2133 3167 2373 3228 izvieede
2416 3166 2581 3225 vieti-u
2609 3165 2899 3240 podnesu.

574 3291 759 3358 1348.
807 3292 905 3359 die
951 3296 1170 3376 quarto
1217 3290 1389 3370 iunii,
1440 3292 1650 3373 capta:
1716 3289 1873 3373 quod
1920 3307 2030 3373 pro
2074 3290 2229 3355 bono
2272 3285 2429 3352 facti
2494 3289 2557 3351 et
2620 3304 2729 3370 pro
2777 3286 3067 3352 velociori

361 3381 775 3465 expedictione
837 3380 1265 3446 committatur
1329 3379 1555 3444 nostris
1616 3377 2173 3456 ambaxiatoribnS,
2248 3376 2353 3457 qui
2416 3374 2663 3439 suerunt
2731 3376 2805 3439 ad
2856 3393 3068 3458 regem

361 3467 647 3554 Ungarie,
698 3471 763 3535 et
809 3471 955 3534 sunt
999 3467 1311 3533 informati
1357 3467 1432 3531 ad
1478 3466 1730 3550 plenum
1792 3469 1866 3533 de
1930 3469 2142 3531 nostra
2206 3461 2582 3540 intencione,
2631 3462 2790 3545 quod
2838 3463 2964 3527 sint
3007 3463 3072 3528 et

360 3557 723 3623 conveniant
782 3575 924 3622 cnm
984 3555 1489 3620 ambaxatoribus
1548 3554 1783 3619 domini
1842 3554 2007 3638 regis
2066 3551 2371 3636 Ungarie,
2435 3555 2497 3616 et
2558 3550 2634 3616 ab
2681 3551 2769 3615 eis
2815 3551 3071 3616 trahant

361 3646 560 3711 totam
606 3646 1017 3712 intencionem
1062 3644 1213 3709 dicti
1261 3643 1491 3708 domini
1550 3643 1716 3727 regis
1777 3644 1841 3707 in
1886 3641 2099 3719 factis,
2148 3659 2263 3723 qne
2323 3639 2522 3704 facero
2580 3638 2881 3703 habemus
2927 3657 3066 3704 cum

361 3752 446 3809 eo,
495 3732 753 3799 dicendo
802 3734 867 3798 et
911 3731 1294 3797 fortificando
1338 3731 1606 3796 rationes
1653 3734 1896 3795 nostras
1943 3729 2114 3793 iuxta
2154 3731 2364 3811 partes
2396 3730 2607 3810 captas
2654 3726 2718 3791 in
2762 3725 2885 3790 isto
2924 3743 3069 3790 con-

362 3821 536 3900 sili03
585 3825 650 3888 et
698 3840 840 3887 cum
886 3822 1018 3886 toto
1063 3838 1152 3898 eO,
1201 3821 1360 3902 quod
1404 3818 1755 3897 habuerint,
1805 3821 1871 3884 et
1913 3818 2156 3882 trahere
2186 3815 2454 3899 poterint
2499 3814 2579 3878 ab
2629 3814 2737 3891 eia,
2789 3813 3067 3878 venietur

360 3909 434 3973 ad
480 3909 651 3975 istud
696 3908 1044 3987 consilinm,
1099 3909 1163 3973 et
1206 3908 1331 3986 fiet,
1379 3907 1541 3972 sicut
1583 3905 1927 3983 videbitur3
1976 3908 2040 3971 et
2084 3904 2137 3969 si
2184 3922 2394 3969 omnes
2440 3903 2566 3968 tres
2605 3902 2902 3966 interesse
2945 3918 3064 3965 non

356 3996 781 4080 possent,.alii
826 3998 945 4062 duo
992 3995 1204 4078 exequi
1251 3996 1514 4062 debeant
1573 3994 1881 4077 predicta3
1945 3995 2008 4058 et
2068 3992 2366 4076 incipiant
2428 3989 2573 4055 dicti
2636 3989 3064 4053 ambaxatores

360 4086 555 4151 nostri
618 4103 751 4151 esse
799 4104 936 4151 cum
987 4085 1078 4149 eis
1124 4102 1261 4148 cras
1302 4084 1364 4149 in
1409 4100 1589 4147 mane
1636 4085 1701 4148 et
1745 4081 2106 4158 successive,
2156 4082 2318 4145 sicut
2362 4078 2553 4143 fuerit
2595 4076 2956 4160 expediens;
3001 4079 3065 4140 et

357 4175 593 4255 possint
632 4173 781 4239 dicti
828 4173 1254 4238 ambaxatores
1322 4169 1513 4236 nostri
1577 4173 1641 4236 et
1681 4170 1940 4253 quilibet
2003 4187 2210 4234 eorum
2276 4185 2499 4252 ponere
2544 4166 2786 4248 partem
2832 4163 2896 4228 in
2941 4163 3063 4229 isto

359 4261 613 4328 consilio
659 4281 844 4345 super
888 4260 1075 4326 dictis
1121 4261 1319 4325 factis.
1366 4259 1460 4323 De
1504 4278 1622 4324 non
1668 4259 1729 4336 3,
1776 4277 1896 4324 non
1943 4257 2164 4322 sinceri
2219 4257 2274 4320 1.

566 4349 795 4433 Capta:
842 4348 1005 4434 quod
1050 4365 1160 4431 pro
1207 4348 1435 4413 honore
1460 4348 1667 4412 nostro
1714 4346 1856 4411 istis
1898 4343 2399 4410 ambaxatoribus
2447 4340 2678 4406 domini
2723 4340 2888 4424 regis
2933 4338 3063 4403 Un-

356 4438 549 4521 garie,
599 4455 916 4522 quousque
964 4437 1147 4502 erunt
1189 4435 1311 4513 hic,
1355 4435 1507 4500 fiant
1554 4436 1640 4500 eis
1687 4452 1943 4518 expense
1989 4452 2097 4516 per
2141 4432 2418 4497 nostrum
2479 4447 2838 4505 commune,
2901 4425 3063 4491 sicut

354 4525 662 4592 videbitur
705 4524 974 4604 domino,
1025 4523 1394 4590 consiliariis
1442 4524 1507 4588 et
1549 4522 1876 4605 capitibus.
1921 4522 2014 4586 De
2064 4539 2179 4585 non
2230 4518 2290 4598 7,
2333 4538 2449 4585 non
2496 4517 2717 4583 sinceri
2771 4518 2822 4579 l.

434 4615 594 4679 Scor.
638 4633 794 4678 cons.
837 4619 1024 4693 νομαί.
1072 4614 1148 4674 Β.
1197 4618 1254 4686 9,
1298 4633 1341 4674 u
1384 4614 1725 4675 mletac‘kom
1770 4613 2003 4673 arkivu.

2727 4834 2764 4875 ιιι
