3620 5282
3012 364 3104 430 49

786 531 1056 612 LXX.
1126 533 1331 615 God.
1387 536 1616 617 1348.
1669 538 1756 619 17
1809 535 2160 638 siecnja,
2216 558 2276 618 u
2331 537 2716 620 llssetcih.

413 650 611 727 Usljed
642 657 887 731 prosnje
920 661 1313 731 posedarskih
1344 663 1598 722 knezova
1640 663 1858 736 bojecih
1885 681 1963 733 se,
2010 664 2089 723 da
2133 665 2332 737 njihov
2358 666 2514 738 yrad
2535 665 2804 737 nepadne
2847 682 2890 723 u
2919 684 3105 740 ηραν-

400 742 498 800 sko
543 744 704 813 ruke,
749 747 960 805 ηαίαέε
1005 765 1066 807 se
1100 750 1427 821 poslaniku
1470 768 1513 810 u
1544 751 1884 824 Dalmaciji‚
1931 754 2082 810 nelca
2099 769 2180 827 ya
2209 754 2455 822 razvidi,
2495 755 2518 810 i
2547 754 2831 826 Ρνεᾱίοὶὶ,
2877 754 2966 813 §to
2997 772 3107 814 mu

1462 856 1536 899 za
1580 841 1807 898 obranu
1854 842 2029 898 treba.

604 969 792 1035 1347.
844 972 1174 1038 indictione
1220 975 1438 1057 prima,
1485 977 1582 1039 die
1630 977 1810 1041 XVII
1854 977 2129 1055 ianuarii,
2180 980 2393 1062 capta:
2441 997 2582 1043 cum
2629 998 2832 1044 comes
2866 980 3102 1046 Petrus

396 1055 751 1122 Possedarie
798 1079 906 1141 pro
951 1079 1016 1125 se
1064 1064 1127 1126 et
1174 1063 1465 1128 fratribus
1512 1065 1639 1129 suis
1686 1067 1923 1131 venerit
1967 1067 2044 1130 ad
2091 1068 2462 1150 presentiam
2495 1070 2769 1133 nostram
2802 1067 3103 1150 profacto

395 1146 577 1209 castri
625 1147 718 1210 sui
766 1148 1146 1227 Possedarie,
1196 1153 1372 1233 quod,
1421 1153 1473 1215 si
1520 1153 1868 1235 perveniret
1927 1154 2004 1218 ad
2069 1174 2285 1219 manus
2331 1155 2802 1237 Hungarorum,
2866 1157 3100 1221 redun-

393 1232 574 1297 daret
620 1235 680 1298 in
726 1235 1019 1301 damnum
1066 1240 1128 1302 et
1174 1240 1575 1321 prejudicium
1599 1241 1873 1305 fidelium
1908 1246 2245 1307 nostrorum
2297 1246 2426 1307 tam
2458 1243 2646 1308 Jadre
2673 1263 2856 1326 quam
2891 1244 3098 1321 Nono,

397 1321 557 1385 sicut
600 1323 859 1388 audistis
907 1345 1015 1407 per
1060 1326 1303 1391 litteras
1363 1329 1607 1393 comitis
1653 1329 1860 1407 None,
1925 1333 1988 1394 et
2034 1332 2193 1395 sicut
2254 1333 2382 1413 ipse
2443 1350 2648 1397 comes
2691 1331 2864 1397 None
2915 1332 3100 1398 nobis

392 1407 539 1473 fecit
585 1411 799 1494 exponi
845 1431 952 1494 per
997 1432 1173 1478 suum
1220 1416 1697 1494 ambaxatorem,
1746 1420 1812 1481 et
1856 1416 2058 1482 dictus
2108 1438 2308 1483 comes
2356 1420 2577 1483 Petrus
2619 1426 2792 1502 petat
2832 1439 2869 1483 a
2914 1421 3101 1485 nobis

395 1497 627 1580 aliqua,
677 1518 859 1582 super
905 1500 1127 1582 quibus
1176 1503 1395 1568 bonum
1447 1508 1541 1568 est
1588 1506 1936 1588 providere:
1987 1506 2156 1571 vadit
2201 1527 2373 1589 pare,
2424 1508 2582 1588 quod
2646 1508 2949 1572 scribatur
2996 1527 3103 1574 ser

394 1583 583 1650 Paulo
628 1586 989 1653 Lauredano
1031 1591 1413 1656 ambaxatori
1459 1594 1537 1656 ad
1578 1596 1783 1676 partes
1833 1593 2170 1669 Sclavouie,
2222 1594 2617 1676 significando
2665 1596 2783 1660 sibi
2830 1614 2920 1673 ea,
2975 1616 3099 1679 que

390 1673 538 1737 dicti
584 1676 840 1740 comites
881 1677 1240 1743 Possedarie
1281 1679 1491 1744 dicunt
1538 1683 1600 1744 et
1645 1684 1899 1763 petunt,
1964 1687 2025 1746 et
2086 1682 2243 1765 quod
2307 1683 2501 1747 eundo
2562 1683 2964 1764 personaliter
3014 1684 3097 1748 ad

387 1759 624 1826 dictum
670 1767 960 1843 castrum,
1012 1767 1328 1833 examinet
1375 1769 1605 1833 factum
1638 1772 1708 1833 de
1740 1770 1902 1847 inde,
1952 1770 2236 1835 videlicet
2268 1770 2682 1835 condicionem
2714 1773 2902 1835 castri
2945 1771 3100 1836 Pos-

387 1849 621 1914 sedarie
668 1854 731 1915 et
777 1851 1084 1918 dictorum
1132 1857 1449 1935 comitum,
1498 1861 1561 1921 et
1607 1859 1832 1933 omnia,
1881 1877 1996 1940 que
2039 1858 2101 1923 in
2154 1859 2316 1922 dicto
2381 1858 2542 1922 facto
2603 1859 2830 1923 fuerint
2875 1878 3100 1942 oppor-

386 1938 536 2002 tuna
581 1958 689 2021 pro
734 1939 1165 2008 informatione
1207 1947 1436 2023 nostra,
1485 1945 1868 2009 rescribendo
1914 1948 2089 2011 nobis
2141 1946 2448 2024 velociter,
2499 1965 2875 2029 quecumque
2923 1949 3100 2011 inve-

385 2027 563 2103 nerit,
614 2030 677 2091 et
713 2045 892 2092 suum
932 2030 1296 2106 consilium;
1359 2033 1675 2096 scribendo
1724 2034 2162 2099 nichilominus
2208 2036 2423 2099 comiti
2485 2040 2547 2099 et
2592 2035 2851 2100 consilio
2897 2035 3091 2100 Jadre

384 2131 455 2177 ac
504 2115 720 2179 comiti
767 2114 958 2194 None,
992 2117 1168 2201 »quod
1208 2120 1324 2201 ipsi
1372 2140 1480 2203 per
1526 2140 1608 2198 se,
1675 2140 1791 2186 non
1854 2125 2206 2187 recedentes
2271 2126 2592 2206 propterea
2637 2125 2709 2186 de
2755 2123 2906 2188 locis
2954 2141 3098 2188 suo-

385 2220 522 2266 rum
573 2204 964 2285 regiminum,
1015 2208 1368 2272 examinent
1406 2209 1641 2273 dictum
1689 2209 1940 2289 factum,
1992 2212 2403 2276 rescribentes
2450 2210 2623 2275 nobis
2670 2211 2955 2294 quicquid
3002 2212 3101 2275 in-

389 2290 692 2369 venerint,
742 2294 806 2356 et
850 2311 1027 2357 suum
1076 2296 1415 2360 consilium.
1465 2297 1549 2361 Et
1593 2296 1736 2379 quia
1795 2299 1997 2363 dictus
2040 2317 2246 2364 comes
2297 2299 2521 2364 Petrus
2583 2302 2679 2363 est
2742 2318 2985 2381 pauper,
3035 2300 3100 2363 et

389 2395 508 2442 non
556 2378 765 2458 habet,
815 2382 973 2445 unde
1007 2383 1207 2465 possit
1246 2384 1365 2448 sibi
1413 2385 1610 2450 facere
1657 2406 1988 2469 expensas,
2032 2406 2176 2471 ymo
2222 2387 2342 2451 huc
2390 2388 2625 2451 venerit
2676 2388 2751 2450 ad
2801 2405 3098 2469 expensas

383 2467 725 2531 communis
771 2467 966 2546 None,
1015 2472 1407 2553 provideatur
1452 2474 1572 2538 sibi
1617 2473 1692 2539 de
1739 2475 1982 2540 ducatis
2026 2475 2266 2558 viginti,
2319 2477 2390 2539 ut
2434 2476 2658 2539 bonam
2692 2494 2942 2540 causam
2988 2475 3099 2539 ha-

381 2553 525 2619 beat
570 2556 775 2621 standi
818 2557 1067 2622 interim
1116 2558 1233 2624 hic.

469 2645 625 2706 δεον.
672 2666 827 2709 cons.
870 2655 1060 2725 roqat.
1104 2650 1179 2710 A.
1224 2654 1326 2731 95,
1374 2671 1416 2713 u
1462 2654 1676 2712 arkivu
1712 2656 2068 2716 mletackom.

774 2894 1092 3009 LXXI.
1145 2894 1350 2978 God.
1407 2895 1635 3013 1348.
1690 2896 1776 2977 17
1835 2894 2184 2998 siecnju,
2240 2917 2300 2977 u
2354 2895 2744 2978 llssetcih.

385 3034 703 3110 Odrecb'uje
750 3055 811 3098 se
848 3040 1066 3113 poslati
1110 3040 1298 3114 njesto
1358 3042 1553 3113 vojske
1598 3059 1640 3099 u
1684 3042 1813 3188 {Zia
1856 3043 1904 3188 ἒ
1923 3060 1966 3099 u
2013 3041 2248 3111 Zadar,
2295 3045 2349 3101 te
2393 3059 2454 3101 se
2499 3042 2853 3116 ondjesnjim
2897 3042 3086 3116 vojm'-

1466 3131 1598 3189 kom
1632 3147 1680 3202 p
1779 3148 1819 3188 a
1907 3128 2004 3189 ἱέε.

597 3265 781 3329 1347.
816 3265 913 3332 die
952 3267 1134 3333 XVII
1159 3268 1437 3333 ianuarii.
1479 3268 1800 3352 Sapientes
1828 3269 2166 3335 Sclavonie.
2199 3266 2429 3351 Capta:
2479 3286 2638 3346 cum,
2687 3267 2849 3333 sicut
2882 3267 3096 3333 scribit

380 3369 583 3417 comes
631 3356 693 3417 et
738 3355 1095 3437 capitaneus
1143 3360 1349 3421 noster
1392 3356 1599 3434 Jadre,
1650 3357 2035 3440 stipendiarii
2091 3358 2283 3423 nostri
2329 3356 2519 3423 Jadre
2565 3358 2628 3420 et
2673 3356 2939 3421 maxime
2987 3376 3095 3438 pe-

378 3439 575 3518 dites,
647 3444 893 3524 propter
959 3445 1304 3509 inmensam
1376 3445 1781 3510 caritudinem
1853 3448 1915 3510 et
1980 3464 2237 3528 parvum
2303 3443 2713 3526 stipendium,
2778 3444 2934 3528 quod
2986 3446 3095 3511 ha-

384 3528 549 3607 bent,
595 3531 989 3612 pervenerint
1030 3533 1107 3596 ad
1154 3534 1494 3597 extremam
1557 3533 1965 3597 conditionem
1991 3583 2005 3610 ,
2069 3533 2233 3610 adeo,
2297 3532 2453 3615 quod
2521 3551 2638 3596 non
2679 3532 3093 3615 reperirentur

381 3615 759 3681 sufficientes
806 3620 883 3683 ad
922 3621 1244 3686 servicium
1295 3624 1610 3696 nostrum3
1657 3624 1721 3686 et
1764 3639 1969 3686 comes
2033 3623 2215 3686 etiam
2265 3620 2438 3685 None
2496 3622 2809 3703 scripserit
2868 3623 2931 3685 et
2990 3639 3095 3685 ex-

376 3705 524 3787 poni
568 3704 783 3770 secerit
828 3727 937 3789 per
982 3728 1163 3773 suum
1210 3709 1689 3786 ambaxatorem‚
1733 3709 1892 3792 quod
1941 3712 2105 3774 terra
2148 3709 2321 3773 None
2375 3709 2672 3772 custodiri
2718 3727 2835 3773 non
2882 3710 3091 3790 potest

381 3794 613 3877 absque
660 3795 894 3859 duabus
937 3796 1242 3860 banderiis
1290 3797 1569 3879 peditum
1615 3801 1863 3881 propter
1911 3797 2287 3879 paucitatem
2333 3797 2668 3874 hominum,
2717 3796 2822 3878 qui
2866 3796 2954 3860 ibi
2996 3815 3092 3862 re-

375 3885 753 3959 manserunt,
802 3901 943 3947 cum
988 3886 1139 3950 bene
1186 3888 1408 3967 quarta
1470 3904 1607 3966 pars
1673 3885 1928 3949 illorum
1974 3888 2045 3949 de
2093 3885 2268 3948 Nona
2329 3885 2406 3949 ob
2458 3886 2884 3967 paupertatem
2947 3884 3092 3948 reli-

378 3971 623 4052 querint
668 3970 985 4036 civitatem
1021 3974 1132 4050 sic,
1179 3973 1339 4055 quod
1388 3976 1560 4055 porte
1595 3974 1673 4037 ad
1718 3973 2062 4038 custodiam
2111 3973 2486 4037 sufficienter
2532 3971 2749 4036 fruniri
2799 3990 2914 4036 non
2949 3990 3091 4054 pos-

377 4061 560 4123 sunt:
612 4058 784 4123 vadit
822 4078 1004 4142 pars,
1069 4063 1141 4125 ut
1186 4062 1248 4124 in
1309 4061 1596 4125 omnibus
1657 4061 1902 4126 salubre
1961 4062 2302 4125 remedium
2368 4063 2744 4142 apponatur,
2794 4059 2951 4141 quod
3017 4061 3091 4124 de

377 4146 521 4211 hinc
567 4145 939 4212 soldizentur
980 4151 1117 4213 octo
1164 4148 1453 4213 banderie
1500 4149 1777 4231 peditum
1837 4168 1977 4214 cum
2024 4149 2131 4214 illo
2179 4149 2366 4225 sold0,
2417 4150 2574 4231 quod
2629 4147 2938 4212 videbitur
2983 4148 3092 4212 do-

380 4235 568 4312 mino,
615 4235 1000 4313 consiliariis,
1049 4236 1356 4319 capitibus
1404 4238 1467 4300 et
1515 4237 1895 4319 sapientibus
1960 4256 2150 4319 usque
2203 4240 2277 4302 ad
2314 4237 2506 4301 libras
2574 4239 2706 4300 octo
2760 4255 3086 4318 parvorum

378 4341 489 4405 pro
536 4322 814 4405 quolibet
860 4326 923 4388 et
967 4324 1108 4388 inde
1154 4324 1347 4399 infra:
1402 4343 1659 4406 quarum
1708 4327 1823 4388 due
1850 4326 2183 4389 mictantur
2209 4324 2468 4401 Nonam,
2518 4344 2632 4405 que
2681 4325 2766 4388 ibi
2800 4325 3087 4389 continue

381 4429 572 4493 usque
619 4413 696 4475 ad
743 4410 1197 4495 beneplacitum
1238 4415 1517 4477 nostrum
1565 4414 1732 4476 stent
1777 4415 1851 4476 ad
1881 4432 2122 4478 omnem
2163 4413 2574 4476 obedientiam
2624 4414 2687 4475 et
2733 4412 3093 4477 mandatum

372 4498 623 4563 comitis
669 4497 878 4575 Non03
923 4499 1044 4564 alie
1095 4518 1234 4564 vero
1266 4520 1369 4565 sex
1403 4500 1739 4565 mictantur
1779 4499 2059 4577 Jadram,
2111 4501 2426 4564 scribendo
2472 4500 2703 4574 comiti,
2752 4501 2911 4582 quod
2959 4520 3093 4564 cas-

376 4605 511 4650 sare
559 4587 777 4651 debeat
822 4590 919 4651 tot
974 4587 1048 4651 de
1094 4588 1514 4671 stipendiariis
1562 4589 1869 4670 peditibus
1916 4591 1990 4652 de
2033 4589 2173 4653 inde
2222 4589 2423 4651 minus
2474 4587 2939 4667 sufficientibus,
2989 4587 3092 4670 qui

378 4674 504 4738 sint
548 4675 624 4739 ad
666 4694 990 4739 numerum
1039 4677 1342 4741 dictarum
1406 4694 1512 4762 sex
1560 4677 2007 4741 banderiarum.
2074 4676 2235 4740 Item
2292 4676 2450 4758 quod
2505 4678 2755 4757 propter
2800 4676 3094 4740 caritudi-

377 4780 537 4841 nem,
585 4782 704 4846 que
749 4765 945 4829 estin
989 4762 1203 4844 Jadra,
1251 4764 1645 4848 provideatur
1711 4765 1995 4830 omnibus
2063 4763 2478 4847 stipendiariis
2539 4762 2849 4846 peditibus
2906 4763 3093 4829 Jadre

366 4939 373 4942 ,
444 4882 637 4933 spon.
690 4885 792 4933 111.
2760 4868 2803 4930 4
