3620 5282
3051 396 3054 403 ’
3089 392 3132 458 3

413 566 607 632 Jadra
654 567 752 631 vel
798 568 1115 645 districtu,
1182 569 1500 632 incurrant
1563 569 2069 633 contrafacientes
2116 568 2190 633 de
2253 568 2701 652 quinquaginta
2768 588 2877 651 pro
2923 570 3130 634 cente-

413 655 591 720 nario
628 655 703 718 de
745 657 876 720 toto
923 676 1011 733 eo,
1062 657 1217 738 quod
1264 656 1701 720 discaricatum
1752 661 1914 722 esset
1956 659 2169 721 contra
2215 657 2525 738 predicta;
2598 657 2772 721 cuius
2817 675 2967 738 pene
3010 657 3132 721 due
3247 710 3252 719 .

413 744 624 825 partes
670 744 995 809 deveniant
1042 747 1099 807 in
1148 764 1489 822 commune,
1540 747 1602 809 et
1649 745 1832 809 tertia
1877 746 1938 809 in
1985 746 2273 809 comitem
2305 749 2369 810 et
2397 744 2793 821 consiliariOS,
2837 745 2940 809 vel
2966 745 3127 825 illos,

421 831 648 913 quibus
690 851 799 914 per
844 852 945 897 eos
989 832 1175 897 fuerit
1220 833 1617 897 commissum
1668 834 1902 897 sactum
1964 833 2327 915 predictum.
2398 833 2482 898 Et
2528 832 2578 897 si
2627 838 2944 897 accusator
2989 833 3130 898 inde

417 919 628 998 fuerit,
677 939 785 1003 per
831 940 1013 1003 quem
1059 921 1288 986 veritas
1337 920 1669 998 habeatur,
1733 924 1881 985 tunc
1941 920 2081 1003 ipsa
2129 940 2284 1003 pena
2349 941 2454 1002 per
2500 921 2754 986 tertium
2800 921 3127 999 dividatur,

414 1008 674 1071 tertium
722 1008 809 1073 sit
852 1010 1214 1085 communie,
1265 1009 1519 1073 tertium
1571 1009 1875 1073 dictorum
1940 1010 2187 1074 comitis
2236 1012 2301 1073 et
2345 1009 2830 1074 consiliariorum
2879 1011 2976 1073 vel
3028 1028 3131 1075 eo-

412 1115 574 1174 rum,
625 1097 847 1179 quibus
892 1096 1050 1161 foret
1094 1097 1493 1162 commissum
1548 1097 1824 1175 factum,
1876 1102 1942 1162 ut
1989 1098 2225 1163 dictum
2271 1100 2404 1173 est,
2469 1101 2533 1162 et
2578 1099 2832 1163 tertium
2880 1116 3132 1163 accusa-

412 1185 569 1249 toris
615 1186 893 1265 predicti.

503 1274 646 1335 Secr
707 1293 862 1335 cons.
903 1295 1023 1351 roy.
1069 1276 1144 1335 A.
1193 1279 1295 1346 80,
1330 1295 1374 1335 u
1417 1278 1633 1336 arkivu
1676 1277 2033 1337 mlctabkom.

916 1466 1077 1548 ΠΙ.
1129 1466 1336 1548 God.
1389 1468 1608 1550 1347.
1663 1468 1705 1549 ’7
1758 1467 2085 1568 srpnja,
2142 1489 2202 1548 u
2255 1467 2643 1548 Mletclh.

419 1592 709 1668 Odyovori
772 1612 854 1652 na
908 1595 1176 1667 pismevae
1218 1595 1529 1668 predloye,
1575 1596 1704 1667 koje
1747 1596 1896 1655 knez
1938 1594 2140 1668 &mur
2182 1594 2550 1666 Kum‘akovic
2593 1594 2757 1652 affini
2798 1612 2873 1667 po
2918 1597 3131 1669 qujem

1345 1684 1671 1755 poslaniku
1699 1683 2007 1755 mletaclcoj
2035 1683 2214 1742 vladi.

635 1802 820 1867 1347.
869 1801 968 1867 die
1014 1803 1137 1868 VH
1182 1801 1338 1867 iulii.
1400 1801 1496 1867 Ad
1541 1804 1933 1867 ambaxatam
1983 1802 2187 1868 ducali
2233 1803 2502 1868 dominio
2551 1802 2613 1865 in
2662 1803 2909 1886 scriptis
2957 1803 3126 1867 exhi-

415 1892 613 1957 bitam
659 1909 771 1974 pro
815 1893 989 1973 parte
1036 1891 1277 1957 comitis
1324 1890 1601 1974 Gregorii
1647 1890 1888 1957 Curiaci
1935 1892 2258 1957 consulunt
2302 1893 2628 1973 sapienteS,
2677 1893 2832 1973 quod
2880 1911 3129 1974 respon-

415 1982 639 2047 deatur
678 1980 741 2043 in
788 1979 945 2044 serie
991 1979 1421 2062 subsequenti:

628 2067 858 2150 Capta:
924 2070 984 2131 et
1030 2069 1229 2150 primo
1292 2067 1367 2132 ad
1414 2068 1761 2150 capitulum
1822 2067 2091 2152 primum
2138 2070 2200 2133 et
2246 2068 2370 2132 alia
2417 2066 2824 2150 dependentia
2869 2068 2948 2131 ab
2995 2067 3127 2150 ipso

418 2157 622 2241 primo
671 2155 964 2240 capitale,
1008 2176 1113 2238 per
1159 2175 1274 2238 que
1313 2157 1662 2239 exponitur,
1711 2158 1870 2239 quod
1918 2157 2157 2239 quando
2220 2158 2395 2221 nobis
2455 2157 2759 2238 placeret,
2826 2157 2990 2221 esset
3026 2174 3136 2239 pa-

413 2251 590 2311 ratus
635 2247 723 2311 ire
769 2244 849 2309 ad
894 2245 1209 2308 dominum
1257 2263 1466 2327 regem
1512 2245 1829 2328 Hungarie
1889 2246 1967 2309 ad
2014 2246 2404 2311 tractandum
2449 2263 2663 2329 pacem
2711 2245 2872 2308 inter
2919 2244 3124 2326 ipsum

415 2354 626 2418 regem
673 2337 734 2397 et
774 2352 885 2398 nos
932 2336 1073 2412 etc„
1124 2350 1242 2396 non
1290 2333 1567 2397 videatur
1620 2334 1998 2416 sapientibus
2062 2335 2288 2399 bouum
2350 2351 2516 2410 esse,
2579 2332 2737 2415 quod
2784 2333 3005 2397 debeat
3067 2351 3134 2397 se

414 2422 827 2487 intromittere
876 2423 947 2486 de
995 2420 1159 2486 dicto
1206 2423 1500 2499 tractatu,
1550 2424 1613 2486 et
1658 2426 1980 2504 propterea
2041 2422 2405 2500 consulunt,
2473 2421 2632 2504 quod
2694 2421 3134 2503 respondeatur

416 2512 805 2576 ambaxatori
851 2528 959 2575 suo
1004 2529 1144 2574 cum
1188 2509 1316 2574 illis
1362 2509 1590 2593 pulcris
1624 2511 1847 2587 verbiS‚
1896 2530 2010 2593 que
2043 2511 2412 2575 videbuntur
2455 2509 2719 2589 dominc,
2764 2509 3129 2575 consiliariis

415 2602 478 2667 et
526 2599 854 2683 capitibuS,
902 2597 1265 2664 removendo
1314 2617 1376 2663 se
1422 2617 1458 2664 a
1502 2598 1665 2664 facto
1713 2599 1776 2663 et
1822 2599 2218 2682 requisitione
2266 2599 2603 2681 premissis,

628 2687 858 2771 Capta:
906 2688 986 2752 ad
1030 2687 1361 2751 secundum
1410 2688 1774 2771 capitulum,
1824 2708 1931 2771 per
1977 2689 2137 2770 quod
2186 2687 2571 2770 conqueritur
2602 2686 2676 2750 de
2722 2686 2947 2751 comite
2995 2686 3132 2752 Ma-

413 2777 643 2854 ladin0,
692 2778 853 2860 quod
900 2775 1372 2858 respondeatur,
1436 2775 1594 2860 quod
1640 2775 1715 2840 de
1763 2776 1945 2841 dictis
1993 2778 2270 2854 damnis,
2345 2775 2653 2840 violentiis
2718 2776 2780 2839 et
2827 2775 3128 2840 raubariis

415 2866 594 2930 nobis
640 2864 927 2947 displicet
971 2864 1380 2943 vehementer,
1430 2865 1575 2948 quia
1621 2864 1935 2944 vellemne,
1986 2865 2146 2947 quod
2191 2866 2350 2929 inter
2398 2882 2500 2928 eos
2547 2866 2713 2928 esset
2734 2883 2848 2945 pax
2893 2866 2958 2928 et
2988 2882 3132 2927 con-

415 2955 643 3030 cordia,
693 2955 757 3017 et
801 2952 958 3036 quod
1020 2952 1294 3016 viverent
1355 2953 1619 3016 invicem
1681 2953 1930 3034 pacifice
1978 2956 2042 3018 et
2085 2954 2323 3036 quiete,
2387 2954 2449 3015 et
2499 2953 2660 3034 quod
2720 2970 2828 3034 per
2887 2951 3129 3016 litteras

414 3042 662 3108 comitis
713 3040 1032 3119 Maladini,
1080 3043 1144 3105 et
1188 3042 1466 3124 querelas
1514 3040 1687 3105 uobis
1737 3060 1847 3124 pro
1894 3045 2067 3124 parte
2114 3043 2308 3124 ipsius
2356 3040 2551 3104 factas
2596 3040 2925 3118 habemus,
2975 3040 3133 3123 quod

416 3132 553 3214 ipse
600 3129 893 3194 similiter
939 3130 1200 3207 damna,
1252 3129 1675 3194 derobationes
1724 3131 1787 3194 et
1832 3129 2150 3194 violentias
2214 3129 2428 3193 intulit
2484 3127 2602 3210 ipsi
2666 3129 2882 3193 comiti
2929 3128 3133 3193 Mala-

420 3219 606 3298 din03
667 3219 731 3281 et
775 3219 1097 3300 propterea
1145 3218 1501 3281 affectamus
1571 3216 1792 3281 bonum
1852 3221 1913 3283 et
1973 3221 2207 3282 statum
2256 3217 2580 3299 pacificum
2624 3217 2952 3281 ambarum
2995 3236 3136 3299 par-

413 3310 595 3385 tium,
663 3306 999 3370 scribemus
1066 3305 1231 3369 dicto
1295 3305 1542 3383 comiti,
1604 3305 1907 3371 hortando
1957 3310 2019 3371 et
2079 3305 2436 3388 requirendo
2501 3306 2739 3387 ipsum,
2788 3307 2948 3387 quod
3010 3305 3128 3378 sibi

414 3396 663 3479 placeat
708 3396 910 3459 vivere
957 3413 1097 3458 cum
1139 3396 1270 3477 ipso
1325 3395 1546 3458 comite
1595 3393 1888 3478 Gregorio
1932 3394 1999 3459 in
2035 3394 2521 3476 tranquillitate,
2573 3395 2637 3457 et
2690 3393 2939 3475 pacifice
2987 3413 3126 3476 per·

417 3483 703 3559 transire,
751 3485 816 3546 et
862 3484 1017 3565 quod
1064 3482 1138 3547 de
1185 3482 1426 3546 damnis
1473 3482 1656 3557 datis,
1706 3503 1770 3547 se
1819 3502 1958 3548 cum
2007 3502 2077 3547 eo
2121 3484 2339 3546 debeat
2370 3482 2682 3565 adaptare.
2736 3482 2821 3546 Et
2852 3502 2883 3546 e
2915 3485 3129 3547 contra

417 3571 710 3637 similiter
755 3571 956 3652 ipsum
1006 3570 1294 3635 comitem
1342 3569 1706 3654 Gregorium
1754 3590 2040 3653 rogamus
2087 3573 2356 3648 attente,
2405 3570 2564 3654 quod
2609 3589 2720 3653 pro
2769 3570 2923 3633 bono
2955 3570 3125 3653 pacis

420 3664 485 3725 et
530 3659 879 3723 dilectionis
925 3659 1067 3723 hinc
1115 3658 1254 3722 iude
1302 3661 1585 3741 procuret
1626 3677 1663 3722 a
1709 3660 1902 3724 latere
1947 3678 2058 3724 suo
2105 3679 2238 3724 esse
2285 3663 2348 3723 ct
2395 3677 2748 3740 permanere
2810 3658 2872 3721 in
2919 3677 3127 3723 amore

419 3752 483 3813 et
530 3766 677 3831 pace
724 3766 862 3812 cum
911 3745 1146 3830 prefato
1191 3749 1414 3811 comite
1463 3747 1814 3826 MaladinO,
1864 3750 1927 3812 et
1975 3747 2047 3811 de
2104 3747 2344 3812 damnis
2405 3766 2513 3829 per
2576 3766 2718 3811 eum
2765 3746 3127 3811 sibiillatis

416 3838 635 3902 taliter
679 3855 744 3900 se
790 3838 998 3918 aptare
1044 3855 1182 3900 cum
1229 3838 1383 3917 ipso,
1433 3837 1590 3918 quod
1637 3836 1866 3901 habeat
1911 3837 2236 3901 materiam
2284 3836 2694 3914 contentandi,
2743 3853 2883 3898 cum
2916 3834 3036 3899 hiis
3071 3837 3136 3900 et

421 3925 564 3990 aliis
610 3924 815 3989 verbis
856 3925 1103 4006 pulcris,
1167 3943 1281 4006 que
1339 3925 1600 4002 domino,
1663 3924 2031 3988 consiliariis
2095 3927 2158 3988 et
2219 3924 2526 4007 capitibus
2589 3924 2996 3999 videbuntur;
3068 3925 3133 3988 et

417 4016 605 4097 capta
648 4015 820 4093 parte
868 4013 1153 4094 presenti,
1197 4013 1500 4077 scribatur
1545 4013 1757 4077 comiti
1806 4013 2135 4089 Maladino,
2187 4017 2256 4077 ut
2301 4014 2578 4094 superius
2622 4012 2854 4075 dictum
2903 4014 3018 4075 est.

443 4158 446 4160 Α
631 4100 857 4182 Capta:
904 4100 983 4164 ad
1033 4102 1292 4165 tercium
1337 4101 1710 4183 capitulum,
1775 4121 1884 4184 per
1945 4100 2101 4185 quod
2147 4103 2336 4183 petit,
2386 4101 2546 4184 quod
2592 4100 3126 4164 recommendetur

418 4188 634 4255 comiti
685 4189 892 4254 nostro
938 4188 1125 4254 Jadre
1174 4190 1235 4253 in
1283 4188 1445 4253 facto
1492 4191 1807 4253 domorum
1873 4208 2121 4253 suarum
2170 4188 2560 4252 existentium
2610 4188 2670 4250 in
2719 4188 2972 4252 civitate
3020 4188 3132 4254 Ja-

419 4280 549 4356 drc,
599 4277 1059 4360 respondeatur,
1108 4279 1262 4359 quod
1307 4278 1665 4342 intentionis
1713 4279 1921 4342 nostre
1969 4279 2096 4355 est,
2162 4279 2225 4341 et
2270 4278 2358 4341 sic
2403 4276 2618 4340 comiti
2684 4278 2893 4340 nostro
2944 4276 3134 4342 Jadre

418 4367 708 4432 dabimus
757 4365 819 4429 in
872 4366 1201 4444 mandatis,
1251 4367 1408 4447 quod
1452 4366 1778 4448 permittat
1833 4367 2032 4447 ipsum
2081 4365 2294 4428 domos
2357 4384 2498 4428 suas
2544 4364 2816 4428 afflictare
2862 4367 2928 4428 et
2967 4364 3135 4429 disfi-

423 4457 594 4520 ctare
641 4454 875 4518 civibus
924 4454 1023 4518 vel
1067 4454 1518 4518 habitatoribus
1564 4452 1785 4532 Jadre,
1846 4454 2009 4518 sicut
2054 4453 2170 4517 sibi
2236 4452 2571 4534 placuerit,
2619 4454 2685 4517 et
2727 4451 2887 4535 quod
2931 4452 3132 4516 eidem

420 4544 654 4608 faciant
697 4542 774 4605 ab
820 4542 971 4619 illis,
1019 4543 1121 4624 qui
1165 4542 1536 4606 habitabunt
1581 4541 1779 4606 dictas
1829 4543 2055 4619 domOS,
2106 4543 2179 4604 de
2223 4541 2434 4605 affictu
2473 4541 2709 4623 integre
2757 4540 3129 4622 responderi.

418 4631 501 4696 Et
546 4631 688 4713 quia
730 4631 954 4714 tangit,
1003 4632 1159 4712 quod
1206 4631 1391 4695 habet
1438 4633 1645 4713 potere
1692 4630 1785 4694 ius
1834 4633 2044 4694 contra
2090 4629 2324 4711 aliquos
2374 4629 2680 4694 debitores
2728 4648 2869 4694 suos
2901 4627 3125 4693 Jadra-

332 4739 341 4746 ’
416 4722 599 4796 finos,
651 4720 1087 4803 respondeatur
1132 4718 1210 4783 ad
1258 4718 1444 4798 istud,
1495 4718 1652 4801 quod
1698 4737 1901 4783 comes
1949 4720 2011 4782 et
2055 4717 2390 4781 consiliarii
2422 4718 2611 4782 nostri
2654 4717 2842 4783 Jadre
2889 4736 2925 4780 a
2957 4715 3130 4781 nobis

378 4809 700 4886 ,obtinent
744 4810 809 4874 in
854 4808 1187 4889 mandatis,
1236 4808 1334 4872 ius
1380 4807 1631 4872 reddere
1679 4805 2005 4890 unicuique
2051 4806 2410 4889 postulanti.

2805 4906 2843 4949 ης
