<?xml version="1.0" encoding="UTF-8"?>
<!DOCTYPE html PUBLIC "-//W3C//DTD XHTML 1.0 Transitional//EN"
    "http://www.w3.org/TR/xhtml1/DTD/xhtml1-transitional.dtd">
<html xmlns="http://www.w3.org/1999/xhtml" xml:lang="en" lang="en">
 <head>
  <title>
</title>
<meta http-equiv="Content-Type" content="text/html;charset=utf-8" />
  <meta name='ocr-system' content='tesseract 3.04.00' />
  <meta name='ocr-capabilities' content='ocr_page ocr_carea ocr_par ocr_line ocrx_word'/>
</head>
<body>
  <div class='ocr_page' id='page_1' title='image "./monumentaspecta02umjegoog_0552.png"; bbox 0 0 3620 5282; ppageno 0'>
   <div class='ocr_carea' id='block_1_1' title="bbox 447 291 490 358">
    <p class='ocr_par' dir='ltr' id='par_1_1' title="bbox 447 291 490 358">
     <span class='ocr_line' id='line_1_1' title="bbox 447 291 490 358; baseline 0 0"><span class='ocrx_word' id='word_1_1' title='bbox 447 291 490 358; x_wconf 87' lang='lat'>8</span> 
     </span>
    </p>
   </div>
   <div class='ocr_carea' id='block_1_2' title="bbox 448 453 3177 1589">
    <p class='ocr_par' dir='ltr' id='par_1_2' title="bbox 448 453 3177 1151">
     <span class='ocr_line' id='line_1_2' title="bbox 450 453 3173 548; baseline -0.004 -16"><span class='ocrx_word' id='word_1_2' title='bbox 450 463 717 548; x_wconf 85' lang='lat' dir='ltr'>Georgio</span> <span class='ocrx_word' id='word_1_3' title='bbox 762 463 838 528; x_wconf 92' lang='lat' dir='ltr'>de</span> <span class='ocrx_word' id='word_1_4' title='bbox 899 460 1104 546; x_wconf 87' lang='lat' dir='ltr'>gratia</span> <span class='ocrx_word' id='word_1_5' title='bbox 1166 458 1423 543; x_wconf 90' lang='lat' dir='ltr'>speciali</span> <span class='ocrx_word' id='word_1_6' title='bbox 1487 457 1877 534; x_wconf 73' lang='lat' dir='ltr'>comedatur,</span> <span class='ocrx_word' id='word_1_7' title='bbox 1925 456 2091 520; x_wconf 87' lang='lat' dir='ltr'>sicut</span> <span class='ocrx_word' id='word_1_8' title='bbox 2131 453 2312 538; x_wconf 88' lang='lat' dir='ltr'>petit,</span> <span class='ocrx_word' id='word_1_9' title='bbox 2359 453 2522 536; x_wconf 90' lang='lat' dir='ltr'>quod</span> <span class='ocrx_word' id='word_1_10' title='bbox 2569 453 2643 518; x_wconf 86' lang='lat' dir='ltr'>de</span> <span class='ocrx_word' id='word_1_11' title='bbox 2691 454 2898 520; x_wconf 87' lang='lat' dir='ltr'>cetero</span> <span class='ocrx_word' id='word_1_12' title='bbox 2945 454 3173 520; x_wconf 89' lang='lat' dir='ltr'>habere</span> 
     </span>
     <span class='ocr_line' id='line_1_3' title="bbox 450 541 3172 629; baseline -0.005 -10"><span class='ocrx_word' id='word_1_13' title='bbox 450 554 515 619; x_wconf 90' lang='lat' dir='ltr'>et</span> <span class='ocrx_word' id='word_1_14' title='bbox 557 554 767 617; x_wconf 85' lang='lat' dir='ltr'>tenere</span> <span class='ocrx_word' id='word_1_15' title='bbox 817 548 1039 614; x_wconf 90' lang='lat' dir='ltr'>debeat</span> <span class='ocrx_word' id='word_1_16' title='bbox 1084 549 1148 614; x_wconf 89' lang='lat' dir='ltr'>et</span> <span class='ocrx_word' id='word_1_17' title='bbox 1194 548 1388 629; x_wconf 89' lang='lat' dir='ltr'>possit</span> <span class='ocrx_word' id='word_1_18' title='bbox 1432 545 1644 611; x_wconf 91' lang='lat' dir='ltr'>decem</span> <span class='ocrx_word' id='word_1_19' title='bbox 1689 544 1973 610; x_wconf 89' lang='lat' dir='ltr'>homines</span> <span class='ocrx_word' id='word_1_20' title='bbox 2022 543 2336 626; x_wconf 76' lang='lat' dir='ltr'>equestres</span> <span class='ocrx_word' id='word_1_21' title='bbox 2384 543 2463 606; x_wconf 88' lang='lat' dir='ltr'>ad</span> <span class='ocrx_word' id='word_1_22' title='bbox 2510 541 2831 607; x_wconf 85' lang='lat' dir='ltr'>servitium</span> <span class='ocrx_word' id='word_1_23' title='bbox 2876 543 2940 607; x_wconf 90' lang='lat' dir='ltr'>et</span> <span class='ocrx_word' id='word_1_24' title='bbox 2996 561 3172 606; x_wconf 88' lang='lat' dir='ltr'>man-</span> 
     </span>
     <span class='ocr_line' id='line_1_4' title="bbox 449 629 3173 712; baseline -0.005 -6"><span class='ocrx_word' id='word_1_25' title='bbox 449 640 664 706; x_wconf 90' lang='lat' dir='ltr'>datum</span> <span class='ocrx_word' id='word_1_26' title='bbox 727 635 962 701; x_wconf 89' lang='lat' dir='ltr'>ducalis</span> <span class='ocrx_word' id='word_1_27' title='bbox 1024 634 1282 699; x_wconf 90' lang='lat' dir='ltr'>dominii</span> <span class='ocrx_word' id='word_1_28' title='bbox 1330 634 1527 699; x_wconf 87' lang='lat' dir='ltr'>nostri</span> <span class='ocrx_word' id='word_1_29' title='bbox 1574 651 1715 697; x_wconf 92' lang='lat' dir='ltr'>cum</span> <span class='ocrx_word' id='word_1_30' title='bbox 1762 631 1871 696; x_wconf 93' lang='lat' dir='ltr'>illo</span> <span class='ocrx_word' id='word_1_31' title='bbox 1937 631 2106 695; x_wconf 91' lang='lat' dir='ltr'>soldo</span> <span class='ocrx_word' id='word_1_32' title='bbox 2151 648 2259 694; x_wconf 88' lang='grc'>8011</span> <span class='ocrx_word' id='word_1_33' title='bbox 2305 629 2628 711; x_wconf 87' lang='lat' dir='ltr'>stipendio,</span> <span class='ocrx_word' id='word_1_34' title='bbox 2677 647 2815 694; x_wconf 86' lang='lat' dir='ltr'>cum</span> <span class='ocrx_word' id='word_1_35' title='bbox 2865 649 2985 712; x_wconf 91' lang='lat' dir='ltr'>quo</span> <span class='ocrx_word' id='word_1_36' title='bbox 3029 632 3173 694; x_wconf 85' lang='grc'>811111</span> 
     </span>
     <span class='ocr_line' id='line_1_5' title="bbox 452 716 3174 807; baseline -0.004 -15"><span class='ocrx_word' id='word_1_37' title='bbox 452 726 561 792; x_wconf 91' lang='lat' dir='ltr'>alii</span> <span class='ocrx_word' id='word_1_38' title='bbox 604 722 990 807; x_wconf 86' lang='lat' dir='ltr'>stipendiarii</span> <span class='ocrx_word' id='word_1_39' title='bbox 1037 722 1388 805; x_wconf 86' lang='lat' dir='ltr'>paysnatici</span> <span class='ocrx_word' id='word_1_40' title='bbox 1433 721 1661 797; x_wconf 89' lang='lat' dir='ltr'>Ystrie,</span> <span class='ocrx_word' id='word_1_41' title='bbox 1725 738 1867 784; x_wconf 91' lang='lat' dir='ltr'>cum</span> <span class='ocrx_word' id='word_1_42' title='bbox 1927 717 2148 801; x_wconf 90' lang='lat' dir='ltr'>quibus</span> <span class='ocrx_word' id='word_1_43' title='bbox 2197 720 2261 781; x_wconf 91' lang='lat' dir='ltr'>et</span> <span class='ocrx_word' id='word_1_44' title='bbox 2304 717 2445 781; x_wconf 87' lang='lat' dir='ltr'>aliis</span> <span class='ocrx_word' id='word_1_45' title='bbox 2491 716 2779 803; x_wconf 85' lang='lat' dir='ltr'>gentibus</span> <span class='ocrx_word' id='word_1_46' title='bbox 2826 717 2956 781; x_wconf 87' lang='lat' dir='ltr'>suis</span> <span class='ocrx_word' id='word_1_47' title='bbox 3004 718 3174 782; x_wconf 82' lang='lat' dir='ltr'>tene-</span> 
     </span>
     <span class='ocr_line' id='line_1_6' title="bbox 454 804 3174 880; baseline -0.004 0"><span class='ocrx_word' id='word_1_48' title='bbox 454 815 595 880; x_wconf 87' lang='lat' dir='ltr'>atur</span> <span class='ocrx_word' id='word_1_49' title='bbox 638 814 703 877; x_wconf 90' lang='lat' dir='ltr'>et</span> <span class='ocrx_word' id='word_1_50' title='bbox 749 810 972 876; x_wconf 83' lang='lat' dir='ltr'>debeat</span> <span class='ocrx_word' id='word_1_51' title='bbox 1013 809 1333 874; x_wconf 86' lang='lat' dir='ltr'>defendere</span> <span class='ocrx_word' id='word_1_52' title='bbox 1381 810 1444 872; x_wconf 91' lang='lat' dir='ltr'>et</span> <span class='ocrx_word' id='word_1_53' title='bbox 1491 809 1891 872; x_wconf 89' lang='lat' dir='ltr'>manutenere</span> <span class='ocrx_word' id='word_1_54' title='bbox 1934 806 2223 870; x_wconf 91' lang='lat' dir='ltr'>honorem</span> <span class='ocrx_word' id='word_1_55' title='bbox 2268 806 2332 868; x_wconf 87' lang='lat' dir='ltr'>et</span> <span class='ocrx_word' id='word_1_56' title='bbox 2376 806 2610 867; x_wconf 84' lang='lat' dir='ltr'>statum</span> <span class='ocrx_word' id='word_1_57' title='bbox 2645 805 2880 868; x_wconf 88' lang='lat' dir='ltr'>ducalis</span> <span class='ocrx_word' id='word_1_58' title='bbox 2918 804 3174 869; x_wconf 90' lang='lat' dir='ltr'>dominii</span> 
     </span>
     <span class='ocr_line' id='line_1_7' title="bbox 448 889 3177 966; baseline -0.004 0"><span class='ocrx_word' id='word_1_59' title='bbox 448 903 515 966; x_wconf 90' lang='lat' dir='ltr'>et</span> <span class='ocrx_word' id='word_1_60' title='bbox 571 898 1098 966; x_wconf 88' lang='lat' dir='ltr'>conservationem</span> <span class='ocrx_word' id='word_1_61' title='bbox 1156 897 1460 960; x_wconf 89' lang='lat' dir='ltr'>terrarum</span> <span class='ocrx_word' id='word_1_62' title='bbox 1512 896 1576 959; x_wconf 91' lang='lat' dir='ltr'>et</span> <span class='ocrx_word' id='word_1_63' title='bbox 1633 894 1908 959; x_wconf 91' lang='lat' dir='ltr'>locorum</span> <span class='ocrx_word' id='word_1_64' title='bbox 1956 892 2157 957; x_wconf 91' lang='lat' dir='ltr'>eidem</span> <span class='ocrx_word' id='word_1_65' title='bbox 2219 889 2490 956; x_wconf 90' lang='lat' dir='ltr'>dominio</span> <span class='ocrx_word' id='word_1_66' title='bbox 2529 890 2949 956; x_wconf 89' lang='lat' dir='ltr'>subiectorum</span> <span class='ocrx_word' id='word_1_67' title='bbox 3017 892 3177 957; x_wconf 90' lang='lat' dir='ltr'>bona</span> 
     </span>
     <span class='ocr_line' id='line_1_8' title="bbox 454 977 3167 1062; baseline -0.004 -9"><span class='ocrx_word' id='word_1_68' title='bbox 454 989 575 1053; x_wconf 91' lang='lat' dir='ltr'>fide</span> <span class='ocrx_word' id='word_1_69' title='bbox 616 987 681 1052; x_wconf 91' lang='lat' dir='ltr'>et</span> <span class='ocrx_word' id='word_1_70' title='bbox 725 986 855 1053; x_wconf 89' lang='lat' dir='ltr'>siue</span> <span class='ocrx_word' id='word_1_71' title='bbox 900 982 1135 1061; x_wconf 81' lang='lat' dir='ltr'>fraude,</span> <span class='ocrx_word' id='word_1_72' title='bbox 1185 985 1251 1048; x_wconf 91' lang='lat' dir='ltr'>et</span> <span class='ocrx_word' id='word_1_73' title='bbox 1292 983 1409 1047; x_wconf 88' lang='grc'>1100</span> <span class='ocrx_word' id='word_1_74' title='bbox 1455 983 1637 1046; x_wconf 87' lang='lat' dir='ltr'>duret</span> <span class='ocrx_word' id='word_1_75' title='bbox 1681 981 1758 1045; x_wconf 91' lang='lat' dir='ltr'>ad</span> <span class='ocrx_word' id='word_1_76' title='bbox 1807 980 2256 1062; x_wconf 85' lang='lat' dir='ltr'>beneplacitum</span> <span class='ocrx_word' id='word_1_77' title='bbox 2302 977 2759 1043; x_wconf 88' lang='lat' dir='ltr'>dominationis.</span> <span class='ocrx_word' id='word_1_78' title='bbox 2812 979 2902 1043; x_wconf 90' lang='lat' dir='ltr'>De</span> <span class='ocrx_word' id='word_1_79' title='bbox 2950 997 3067 1044; x_wconf 89' lang='grc'>11011</span> <span class='ocrx_word' id='word_1_80' title='bbox 3112 998 3167 1057; x_wconf 91' lang='grc'>0,</span> 
     </span>
     <span class='ocr_line' id='line_1_9' title="bbox 460 1069 1730 1151; baseline -0.009 -10"><span class='ocrx_word' id='word_1_81' title='bbox 460 1094 579 1141; x_wconf 88' lang='lat' dir='ltr'>non</span> <span class='ocrx_word' id='word_1_82' title='bbox 625 1072 850 1139; x_wconf 90' lang='lat' dir='ltr'>sinceri</span> <span class='ocrx_word' id='word_1_83' title='bbox 894 1072 956 1147; x_wconf 84' lang='lat'>4,</span> <span class='ocrx_word' id='word_1_84' title='bbox 1005 1089 1216 1136; x_wconf 88' lang='lat' dir='ltr'>omnes</span> <span class='ocrx_word' id='word_1_85' title='bbox 1262 1070 1370 1134; x_wconf 87' lang='lat' dir='ltr'>alii</span> <span class='ocrx_word' id='word_1_86' title='bbox 1414 1069 1489 1133; x_wconf 90' lang='lat' dir='ltr'>de</span> <span class='ocrx_word' id='word_1_87' title='bbox 1534 1070 1730 1151; x_wconf 89' lang='lat' dir='ltr'>parte.</span> 
     </span>
    </p>

    <p class='ocr_par' dir='ltr' id='par_1_3' title="bbox 451 1151 3175 1589">
     <span class='ocr_line' id='line_1_10' title="bbox 665 1151 3174 1236; baseline -0.003 -12"><span class='ocrx_word' id='word_1_88' title='bbox 665 1157 1149 1235; x_wconf 83' lang='lat' dir='ltr'>MCCCLXIIII,</span> <span class='ocrx_word' id='word_1_89' title='bbox 1213 1157 1544 1222; x_wconf 83' lang='lat' dir='ltr'>indictione</span> <span class='ocrx_word' id='word_1_90' title='bbox 1606 1155 1893 1232; x_wconf 89' lang='lat' dir='ltr'>secunda,</span> <span class='ocrx_word' id='word_1_91' title='bbox 1956 1153 2054 1218; x_wconf 92' lang='lat' dir='ltr'>die</span> <span class='ocrx_word' id='word_1_92' title='bbox 2117 1153 2204 1217; x_wconf 93' lang='lat' dir='ltr'>IV</span> <span class='ocrx_word' id='word_1_93' title='bbox 2273 1154 2505 1219; x_wconf 83' lang='lat' dir='ltr'>mensis</span> <span class='ocrx_word' id='word_1_94' title='bbox 2551 1151 2705 1229; x_wconf 88' lang='lat' dir='ltr'>iulii,</span> <span class='ocrx_word' id='word_1_95' title='bbox 2752 1156 3005 1236; x_wconf 89' lang='lat' dir='ltr'>captum</span> <span class='ocrx_word' id='word_1_96' title='bbox 3051 1152 3174 1217; x_wconf 84' lang='lat' dir='ltr'>fuit</span> 
     </span>
     <span class='ocr_line' id='line_1_11' title="bbox 452 1240 3173 1327; baseline -0.003 -13"><span class='ocrx_word' id='word_1_97' title='bbox 452 1249 532 1314; x_wconf 87' lang='lat' dir='ltr'>ad</span> <span class='ocrx_word' id='word_1_98' title='bbox 576 1247 829 1313; x_wconf 87' lang='lat' dir='ltr'>busulos</span> <span class='ocrx_word' id='word_1_99' title='bbox 875 1248 941 1311; x_wconf 89' lang='lat' dir='ltr'>et</span> <span class='ocrx_word' id='word_1_100' title='bbox 980 1245 1249 1309; x_wconf 86' lang='lat' dir='ltr'>ballotas</span> <span class='ocrx_word' id='word_1_101' title='bbox 1294 1262 1403 1327; x_wconf 87' lang='lat' dir='ltr'>per</span> <span class='ocrx_word' id='word_1_102' title='bbox 1451 1244 1769 1308; x_wconf 91' lang='lat' dir='ltr'>dominum</span> <span class='ocrx_word' id='word_1_103' title='bbox 1818 1246 1881 1306; x_wconf 87' lang='lat' dir='ltr'>et</span> <span class='ocrx_word' id='word_1_104' title='bbox 1925 1260 2134 1307; x_wconf 90' lang='grc'>01111108</span> <span class='ocrx_word' id='word_1_105' title='bbox 2181 1241 2558 1307; x_wconf 84' lang='lat' dir='ltr'>consiliarios</span> <span class='ocrx_word' id='word_1_106' title='bbox 2607 1240 2814 1323; x_wconf 89' lang='lat' dir='ltr'>vigore</span> <span class='ocrx_word' id='word_1_107' title='bbox 2860 1241 3173 1306; x_wconf 71' lang='lat' dir='ltr'>libertatis</span> 
     </span>
     <span class='ocr_line' id='line_1_12' title="bbox 451 1327 3175 1419; baseline -0.002 -20"><span class='ocrx_word' id='word_1_108' title='bbox 451 1354 560 1419; x_wconf 89' lang='lat' dir='ltr'>per</span> <span class='ocrx_word' id='word_1_109' title='bbox 604 1332 931 1399; x_wconf 85' lang='lat' dir='ltr'>consilium</span> <span class='ocrx_word' id='word_1_110' title='bbox 977 1333 1331 1415; x_wconf 81' lang='lat' dir='ltr'>rogatorum</span> <span class='ocrx_word' id='word_1_111' title='bbox 1381 1331 1499 1395; x_wconf 89' lang='lat' dir='ltr'>sibi</span> <span class='ocrx_word' id='word_1_112' title='bbox 1546 1331 1883 1395; x_wconf 88' lang='lat' dir='ltr'>atributam</span> <span class='ocrx_word' id='word_1_113' title='bbox 1944 1349 2052 1412; x_wconf 89' lang='lat' dir='ltr'>per</span> <span class='ocrx_word' id='word_1_114' title='bbox 2099 1332 2338 1410; x_wconf 89' lang='lat' dir='ltr'>partem</span> <span class='ocrx_word' id='word_1_115' title='bbox 2372 1327 2813 1410; x_wconf 83' lang='lat' dir='ltr'>supradictam,</span> <span class='ocrx_word' id='word_1_116' title='bbox 2843 1327 3003 1410; x_wconf 89' lang='lat' dir='ltr'>quod</span> <span class='ocrx_word' id='word_1_117' title='bbox 3038 1348 3175 1411; x_wconf 90' lang='lat' dir='ltr'>pre-</span> 
     </span>
     <span class='ocr_line' id='line_1_13' title="bbox 451 1415 3169 1502; baseline -0.003 -14"><span class='ocrx_word' id='word_1_118' title='bbox 451 1422 655 1488; x_wconf 87' lang='lat' dir='ltr'>dictus</span> <span class='ocrx_word' id='word_1_119' title='bbox 702 1438 909 1486; x_wconf 89' lang='lat' dir='ltr'>comes</span> <span class='ocrx_word' id='word_1_120' title='bbox 955 1419 1253 1501; x_wconf 87' lang='lat' dir='ltr'>Georgius</span> <span class='ocrx_word' id='word_1_121' title='bbox 1299 1438 1370 1482; x_wconf 86' lang='lat' dir='ltr'>ex</span> <span class='ocrx_word' id='word_1_122' title='bbox 1421 1417 1731 1502; x_wconf 90' lang='lat' dir='ltr'>aliquibus</span> <span class='ocrx_word' id='word_1_123' title='bbox 1777 1416 2256 1482; x_wconf 90' lang='lat' dir='ltr'>racionabilibus</span> <span class='ocrx_word' id='word_1_124' title='bbox 2316 1415 2517 1480; x_wconf 88' lang='lat' dir='ltr'>causis</span> <span class='ocrx_word' id='word_1_125' title='bbox 2578 1415 2655 1479; x_wconf 90' lang='lat' dir='ltr'>de</span> <span class='ocrx_word' id='word_1_126' title='bbox 2701 1417 2904 1480; x_wconf 88' lang='lat' dir='ltr'>cetero</span> <span class='ocrx_word' id='word_1_127' title='bbox 2944 1415 3169 1479; x_wconf 87' lang='lat' dir='ltr'>habere</span> 
     </span>
     <span class='ocr_line' id='line_1_14' title="bbox 453 1502 3174 1589; baseline -0.003 -15"><span class='ocrx_word' id='word_1_128' title='bbox 453 1528 575 1575; x_wconf 91' lang='lat' dir='ltr'>non</span> <span class='ocrx_word' id='word_1_129' title='bbox 637 1507 860 1573; x_wconf 88' lang='lat' dir='ltr'>debeat</span> <span class='ocrx_word' id='word_1_130' title='bbox 918 1507 1325 1589; x_wconf 85' lang='lat' dir='ltr'>provisionem</span> <span class='ocrx_word' id='word_1_131' title='bbox 1382 1503 1747 1588; x_wconf 82' lang='lat' dir='ltr'>predictam,</span> <span class='ocrx_word' id='word_1_132' title='bbox 1810 1507 1874 1568; x_wconf 92' lang='lat' dir='ltr'>et</span> <span class='ocrx_word' id='word_1_133' title='bbox 1936 1505 2025 1568; x_wconf 91' lang='grc'>810</span> <span class='ocrx_word' id='word_1_134' title='bbox 2070 1502 2307 1567; x_wconf 89' lang='grc'>1110111111</span> <span class='ocrx_word' id='word_1_135' title='bbox 2370 1502 2491 1567; x_wconf 82' lang='lat' dir='ltr'>fuit</span> <span class='ocrx_word' id='word_1_136' title='bbox 2552 1502 2746 1566; x_wconf 87' lang='lat' dir='ltr'>eidem</span> <span class='ocrx_word' id='word_1_137' title='bbox 2805 1502 3021 1567; x_wconf 91' lang='lat' dir='ltr'>comiti</span> <span class='ocrx_word' id='word_1_138' title='bbox 3067 1522 3174 1584; x_wconf 90' lang='lat' dir='ltr'>per</span> 
     </span>
    </p>
   </div>
   <div class='ocr_carea' id='block_1_3' title="bbox 451 1589 3179 1675">
    <p class='ocr_par' dir='ltr' id='par_1_4' title="bbox 451 1589 3179 1675">
     <span class='ocr_line' id='line_1_15' title="bbox 451 1589 3179 1675; baseline -0.004 -12"><span class='ocrx_word' id='word_1_139' title='bbox 451 1594 950 1663; x_wconf 88' lang='lat' dir='ltr'>dominationem.</span> <span class='ocrx_word' id='word_1_140' title='bbox 999 1595 1081 1659; x_wconf 89' lang='lat' dir='ltr'>Et</span> <span class='ocrx_word' id='word_1_141' title='bbox 1127 1593 1260 1659; x_wconf 86' lang='lat' dir='ltr'>ideo</span> <span class='ocrx_word' id='word_1_142' title='bbox 1320 1593 1395 1658; x_wconf 91' lang='lat' dir='ltr'>de</span> <span class='ocrx_word' id='word_1_143' title='bbox 1460 1593 1747 1658; x_wconf 87' lang='lat' dir='ltr'>mandato</span> <span class='ocrx_word' id='word_1_144' title='bbox 1804 1591 2078 1675; x_wconf 77' lang='lat' dir='ltr'>prefacta</span> <span class='ocrx_word' id='word_1_145' title='bbox 2136 1590 2569 1656; x_wconf 89' lang='lat' dir='ltr'>dominationis</span> <span class='ocrx_word' id='word_1_146' title='bbox 2624 1589 2979 1673; x_wconf 86' lang='lat' dir='ltr'>supradicta</span> <span class='ocrx_word' id='word_1_147' title='bbox 3035 1608 3179 1673; x_wconf 90' lang='lat' dir='ltr'>pars</span> 
     </span>
    </p>
   </div>
   <div class='ocr_carea' id='block_1_4' title="bbox 452 1680 1790 1849">
    <p class='ocr_par' dir='ltr' id='par_1_5' title="bbox 452 1680 1790 1849">
     <span class='ocr_line' id='line_1_16' title="bbox 452 1680 978 1749; baseline -0.008 0"><span class='ocrx_word' id='word_1_148' title='bbox 452 1682 797 1749; x_wconf 87' lang='lat' dir='ltr'>cancellata</span> <span class='ocrx_word' id='word_1_149' title='bbox 840 1680 978 1746; x_wconf 81' lang='lat' dir='ltr'>fuit.</span> 
     </span>
     <span class='ocr_line' id='line_1_17' title="bbox 541 1770 1790 1849; baseline -0.002 -18"><span class='ocrx_word' id='word_1_150' title='bbox 541 1772 723 1832; x_wconf 62' lang='lat' dir='ltr'>Misce</span> <span class='ocrx_word' id='word_1_151' title='bbox 770 1771 1076 1831; x_wconf 87' lang='lat' dir='ltr'><strong><em>XXVIII</em></strong></span> <span class='ocrx_word' id='word_1_152' title='bbox 1120 1772 1224 1849; x_wconf 86' lang='grc'>85,</span> <span class='ocrx_word' id='word_1_153' title='bbox 1270 1787 1314 1830; x_wconf 80' lang='lat' dir='ltr'>u</span> <span class='ocrx_word' id='word_1_154' title='bbox 1357 1771 1511 1830; x_wconf 71' lang='lat' dir='ltr'>mlet.</span> <span class='ocrx_word' id='word_1_155' title='bbox 1557 1770 1790 1830; x_wconf 80' lang='lat' dir='ltr'>arkivu.</span> 
     </span>
    </p>
   </div>
   <div class='ocr_carea' id='block_1_5' title="bbox 815 1935 2814 2057">
    <p class='ocr_par' dir='ltr' id='par_1_6' title="bbox 815 1935 2814 2057">
     <span class='ocr_line' id='line_1_18' title="bbox 815 1935 2814 2057; baseline -0.002 -17"><span class='ocrx_word' id='word_1_156' title='bbox 815 1959 1133 2041; x_wconf 81' lang='lat' dir='ltr'>xxm.</span> <span class='ocrx_word' id='word_1_157' title='bbox 1192 1956 1399 2039; x_wconf 74' lang='lat' dir='ltr'>eod.</span> <span class='ocrx_word' id='word_1_158' title='bbox 1455 1935 1833 2040; x_wconf 66' lang='grc'>1858010</span> <span class='ocrx_word' id='word_1_159' title='bbox 1888 1955 2244 2057; x_wconf 68' lang='lat' dir='ltr'>sicema,</span> <span class='ocrx_word' id='word_1_160' title='bbox 2298 1977 2358 2038; x_wconf 86' lang='lat' dir='ltr'>u</span> <span class='ocrx_word' id='word_1_161' title='bbox 2418 1956 2814 2038; x_wconf 70' lang='grc'>11101018.</span> 
     </span>
    </p>
   </div>
   <div class='ocr_carea' id='block_1_6' title="bbox 466 2080 3178 2253">
    <p class='ocr_par' dir='ltr' id='par_1_7' title="bbox 466 2080 3178 2253">
     <span class='ocr_line' id='line_1_19' title="bbox 663 2080 3177 2163; baseline -0.001 -16"><span class='ocrx_word' id='word_1_162' title='bbox 663 2081 1035 2147; x_wconf 89' lang='lat' dir='ltr'>Conceditur</span> <span class='ocrx_word' id='word_1_163' title='bbox 1080 2080 1311 2146; x_wconf 86' lang='lat' dir='ltr'>Jacobo</span> <span class='ocrx_word' id='word_1_164' title='bbox 1352 2081 1540 2146; x_wconf 85' lang='lat' dir='ltr'>Fabri</span> <span class='ocrx_word' id='word_1_165' title='bbox 1570 2083 1642 2146; x_wconf 90' lang='grc'>110</span> <span class='ocrx_word' id='word_1_166' title='bbox 1675 2080 1988 2161; x_wconf 71' lang='grc'>80181810,</span> <span class='ocrx_word' id='word_1_167' title='bbox 2022 2080 2125 2162; x_wconf 88' lang='lat' dir='ltr'>qui</span> <span class='ocrx_word' id='word_1_168' title='bbox 2175 2083 2450 2163; x_wconf 89' lang='lat' dir='ltr'>tempore</span> <span class='ocrx_word' id='word_1_169' title='bbox 2493 2098 2713 2161; x_wconf 86' lang='lat' dir='ltr'>guerre</span> <span class='ocrx_word' id='word_1_170' title='bbox 2757 2085 2971 2145; x_wconf 76' lang='lat' dir='ltr'>contra</span> <span class='ocrx_word' id='word_1_171' title='bbox 3002 2082 3177 2146; x_wconf 90' lang='lat' dir='ltr'>Hun-</span> 
     </span>
     <span class='ocr_line' id='line_1_20' title="bbox 466 2166 3178 2253; baseline -0 -19"><span class='ocrx_word' id='word_1_172' title='bbox 466 2187 647 2253; x_wconf 86' lang='lat' dir='ltr'>garos</span> <span class='ocrx_word' id='word_1_173' title='bbox 711 2168 893 2233; x_wconf 86' lang='lat' dir='ltr'>stetit</span> <span class='ocrx_word' id='word_1_174' title='bbox 953 2169 1015 2233; x_wconf 92' lang='lat' dir='ltr'>in</span> <span class='ocrx_word' id='word_1_175' title='bbox 1068 2169 1270 2233; x_wconf 88' lang='lat' dir='ltr'>castro</span> <span class='ocrx_word' id='word_1_176' title='bbox 1333 2170 1590 2246; x_wconf 86' lang='lat' dir='ltr'>Franco,</span> <span class='ocrx_word' id='word_1_177' title='bbox 1651 2168 1927 2234; x_wconf 89' lang='lat' dir='ltr'>faciendo</span> <span class='ocrx_word' id='word_1_178' title='bbox 1994 2169 2373 2245; x_wconf 76' lang='lat' dir='ltr'>„veretone8,</span> <span class='ocrx_word' id='word_1_179' title='bbox 2439 2166 2674 2249; x_wconf 85' lang='lat' dir='ltr'>sclopos</span> <span class='ocrx_word' id='word_1_180' title='bbox 2719 2172 2783 2232; x_wconf 92' lang='grc'>01</span> <span class='ocrx_word' id='word_1_181' title='bbox 2828 2166 3067 2234; x_wconf 84' lang='grc'>11810188</span> <span class='ocrx_word' id='word_1_182' title='bbox 3113 2170 3178 2235; x_wconf 86' lang='grc'>01</span> 
     </span>
    </p>
   </div>
   <div class='ocr_carea' id='block_1_7' title="bbox 458 2255 2895 2421">
    <p class='ocr_par' dir='ltr' id='par_1_8' title="bbox 458 2255 2895 2421">
     <span class='ocr_line' id='line_1_21' title="bbox 458 2255 2895 2338; baseline -0.001 -17"><span class='ocrx_word' id='word_1_183' title='bbox 458 2256 603 2332; x_wconf 87' lang='grc'>8118,</span> <span class='ocrx_word' id='word_1_184' title='bbox 651 2274 769 2337; x_wconf 91' lang='lat' dir='ltr'>que</span> <span class='ocrx_word' id='word_1_185' title='bbox 815 2255 1063 2320; x_wconf 89' lang='lat' dir='ltr'>fuerunt</span> <span class='ocrx_word' id='word_1_186' title='bbox 1106 2257 1492 2320; x_wconf 85' lang='lat' dir='ltr'>neccessaria</span> <span class='ocrx_word' id='word_1_187' title='bbox 1536 2274 1643 2338; x_wconf 89' lang='lat' dir='ltr'>pro</span> <span class='ocrx_word' id='word_1_188' title='bbox 1691 2256 1920 2320; x_wconf 91' lang='lat' dir='ltr'>honore</span> <span class='ocrx_word' id='word_1_189' title='bbox 1968 2257 2213 2320; x_wconf 83' lang='lat' dir='ltr'>uostro“</span> <span class='ocrx_word' id='word_1_190' title='bbox 2261 2274 2382 2320; x_wconf 89' lang='lat' dir='ltr'>una</span> <span class='ocrx_word' id='word_1_191' title='bbox 2428 2272 2590 2338; x_wconf 87' lang='lat' dir='ltr'>paga</span> <span class='ocrx_word' id='word_1_192' title='bbox 2632 2257 2895 2321; x_wconf 88' lang='lat' dir='ltr'>mortua.</span> 
     </span>
     <span class='ocr_line' id='line_1_22' title="bbox 540 2345 1804 2421; baseline -0.002 -16"><span class='ocrx_word' id='word_1_193' title='bbox 540 2346 721 2405; x_wconf 79' lang='lat' dir='ltr'>Misti</span> <span class='ocrx_word' id='word_1_194' title='bbox 770 2345 1077 2406; x_wconf 83' lang='lat' dir='ltr'><strong><em>XXVIII</em></strong></span> <span class='ocrx_word' id='word_1_195' title='bbox 1135 2347 1240 2421; x_wconf 91' lang='grc'>88,</span> <span class='ocrx_word' id='word_1_196' title='bbox 1284 2363 1327 2404; x_wconf 80' lang='lat' dir='ltr'>u</span> <span class='ocrx_word' id='word_1_197' title='bbox 1369 2346 1527 2406; x_wconf 79' lang='lat' dir='ltr'>mlet.</span> <span class='ocrx_word' id='word_1_198' title='bbox 1573 2345 1804 2405; x_wconf 77' lang='lat' dir='ltr'>arkivu.</span> 
     </span>
    </p>
   </div>
   <div class='ocr_carea' id='block_1_8' title="bbox 844 2531 2799 2634">
    <p class='ocr_par' dir='ltr' id='par_1_9' title="bbox 844 2531 2799 2634">
     <span class='ocr_line' id='line_1_23' title="bbox 844 2531 2799 2634; baseline 0.001 -21"><span class='ocrx_word' id='word_1_199' title='bbox 844 2533 1145 2613; x_wconf 76' lang='lat' dir='ltr'>xxiv.</span> <span class='ocrx_word' id='word_1_200' title='bbox 1200 2532 1407 2615; x_wconf 77' lang='lat' dir='ltr'>God.</span> <span class='ocrx_word' id='word_1_201' title='bbox 1462 2531 1690 2616; x_wconf 81' lang='grc'>1359.</span> <span class='ocrx_word' id='word_1_202' title='bbox 1745 2533 1841 2615; x_wconf 82' lang='lat'>13</span> <span class='ocrx_word' id='word_1_203' title='bbox 1896 2532 2240 2634; x_wconf 70' lang='lat' dir='ltr'>oZqua‚</span> <span class='ocrx_word' id='word_1_204' title='bbox 2293 2557 2354 2615; x_wconf 92' lang='lat' dir='ltr'>u</span> <span class='ocrx_word' id='word_1_205' title='bbox 2407 2533 2799 2616; x_wconf 79' lang='lat' dir='ltr'>Mleteih.</span> 
     </span>
    </p>
   </div>
   <div class='ocr_carea' id='block_1_9' title="bbox 457 2670 3179 2933">
    <p class='ocr_par' dir='ltr' id='par_1_10' title="bbox 457 2670 3179 2933">
     <span class='ocr_line' id='line_1_24' title="bbox 665 2670 3177 2758; baseline 0.003 -24"><span class='ocrx_word' id='word_1_206' title='bbox 665 2670 1116 2748; x_wconf 86' lang='lat' dir='ltr'>Deliberatum,</span> <span class='ocrx_word' id='word_1_207' title='bbox 1165 2671 1327 2754; x_wconf 89' lang='lat' dir='ltr'>quod</span> <span class='ocrx_word' id='word_1_208' title='bbox 1373 2671 1706 2737; x_wconf 86' lang='lat' dir='ltr'>Jacobinus</span> <span class='ocrx_word' id='word_1_209' title='bbox 1754 2673 1828 2736; x_wconf 90' lang='lat' dir='ltr'>de</span> <span class='ocrx_word' id='word_1_210' title='bbox 1876 2673 2068 2754; x_wconf 86' lang='lat' dir='ltr'>Papia</span> <span class='ocrx_word' id='word_1_211' title='bbox 2123 2673 2478 2751; x_wconf 83' lang='lat' dir='ltr'>„occasione</span> <span class='ocrx_word' id='word_1_212' title='bbox 2512 2676 2817 2739; x_wconf 82' lang='lat' dir='ltr'>tractatus</span> <span class='ocrx_word' id='word_1_213' title='bbox 2855 2678 3177 2758; x_wconf 88' lang='lat' dir='ltr'>proditorii</span> 
     </span>
     <span class='ocr_line' id='line_1_25' title="bbox 457 2759 3179 2844; baseline 0.001 -19"><span class='ocrx_word' id='word_1_214' title='bbox 457 2759 658 2825; x_wconf 90' lang='lat' dir='ltr'>habiti</span> <span class='ocrx_word' id='word_1_215' title='bbox 704 2777 808 2840; x_wconf 88' lang='lat' dir='ltr'>per</span> <span class='ocrx_word' id='word_1_216' title='bbox 841 2778 980 2823; x_wconf 88' lang='lat' dir='ltr'>eum</span> <span class='ocrx_word' id='word_1_217' title='bbox 1029 2777 1174 2823; x_wconf 92' lang='lat' dir='ltr'>cum</span> <span class='ocrx_word' id='word_1_218' title='bbox 1236 2759 1447 2825; x_wconf 85' lang='lat' dir='ltr'>Marco</span> <span class='ocrx_word' id='word_1_219' title='bbox 1485 2759 1767 2825; x_wconf 84' lang='lat' dir='ltr'>Sartore“</span> <span class='ocrx_word' id='word_1_220' title='bbox 1823 2762 1909 2824; x_wconf 89' lang='lat' dir='ltr'>sit</span> <span class='ocrx_word' id='word_1_221' title='bbox 1953 2761 2014 2824; x_wconf 92' lang='lat' dir='ltr'>in</span> <span class='ocrx_word' id='word_1_222' title='bbox 2063 2763 2258 2826; x_wconf 86' lang='lat' dir='ltr'>banno</span> <span class='ocrx_word' id='word_1_223' title='bbox 2309 2769 2635 2844; x_wconf 65' lang='lat' dir='ltr'>perpetum</span> <span class='ocrx_word' id='word_1_224' title='bbox 2686 2764 2751 2825; x_wconf 88' lang='lat' dir='ltr'>et</span> <span class='ocrx_word' id='word_1_225' title='bbox 2795 2764 2843 2825; x_wconf 87' lang='lat' dir='ltr'>si</span> <span class='ocrx_word' id='word_1_226' title='bbox 2893 2765 3179 2829; x_wconf 88' lang='lat' dir='ltr'>inventus</span> 
     </span>
     <span class='ocr_line' id='line_1_26' title="bbox 460 2846 3175 2933; baseline 0.002 -22"><span class='ocrx_word' id='word_1_227' title='bbox 460 2847 650 2911; x_wconf 88' lang='lat' dir='ltr'>fuerit</span> <span class='ocrx_word' id='word_1_228' title='bbox 694 2847 757 2909; x_wconf 92' lang='lat' dir='ltr'>in</span> <span class='ocrx_word' id='word_1_229' title='bbox 821 2847 1005 2910; x_wconf 85' lang='lat' dir='ltr'>terris</span> <span class='ocrx_word' id='word_1_230' title='bbox 1068 2846 1322 2924; x_wconf 80' lang='lat' dir='ltr'>venetie,</span> <span class='ocrx_word' id='word_1_231' title='bbox 1372 2848 1651 2929; x_wconf 85' lang='lat' dir='ltr'>capiatur</span> <span class='ocrx_word' id='word_1_232' title='bbox 1696 2853 1759 2912; x_wconf 90' lang='lat' dir='ltr'>et</span> <span class='ocrx_word' id='word_1_233' title='bbox 1812 2851 2109 2922; x_wconf 86' lang='lat' dir='ltr'>„ducatur</span> <span class='ocrx_word' id='word_1_234' title='bbox 2156 2850 2318 2914; x_wconf 87' lang='lat' dir='ltr'>inter</span> <span class='ocrx_word' id='word_1_235' title='bbox 2355 2849 2507 2913; x_wconf 88' lang='lat' dir='ltr'>duas</span> <span class='ocrx_word' id='word_1_236' title='bbox 2551 2847 2929 2933; x_wconf 85' lang='lat' dir='ltr'>columpnas,</span> <span class='ocrx_word' id='word_1_237' title='bbox 2979 2854 3043 2915; x_wconf 89' lang='grc'>01</span> <span class='ocrx_word' id='word_1_238' title='bbox 3087 2852 3175 2916; x_wconf 85' lang='grc'>1111</span> 
     </span>
    </p>
   </div>
   <div class='ocr_carea' id='block_1_10' title="bbox 458 2933 2160 3085">
    <p class='ocr_par' dir='ltr' id='par_1_11' title="bbox 458 2933 2160 3085">
     <span class='ocr_line' id='line_1_27' title="bbox 458 2933 2160 3018; baseline 0.002 -21"><span class='ocrx_word' id='word_1_239' title='bbox 458 2933 871 3015; x_wconf 81' lang='lat' dir='ltr'>suspendatur</span> <span class='ocrx_word' id='word_1_240' title='bbox 917 2953 1027 3016; x_wconf 89' lang='lat' dir='ltr'>per</span> <span class='ocrx_word' id='word_1_241' title='bbox 1071 2934 1280 3016; x_wconf 88' lang='lat' dir='ltr'>gulam</span> <span class='ocrx_word' id='word_1_242' title='bbox 1330 2935 1544 2999; x_wconf 88' lang='lat' dir='ltr'>taliter</span> <span class='ocrx_word' id='word_1_243' title='bbox 1588 2937 1749 3018; x_wconf 90' lang='lat' dir='ltr'>quod</span> <span class='ocrx_word' id='word_1_244' title='bbox 1797 2937 2160 3001; x_wconf 56' lang='lat' dir='ltr'>moriaturf‘</span> 
     </span>
     <span class='ocr_line' id='line_1_28' title="bbox 544 3017 1943 3085; baseline 0.001 -2"><span class='ocrx_word' id='word_1_245' title='bbox 544 3017 880 3083; x_wconf 78' lang='lat' dir='ltr'>Consilium</span> <span class='ocrx_word' id='word_1_246' title='bbox 929 3024 1008 3084; x_wconf 89' lang='lat' dir='ltr'>X.</span> <span class='ocrx_word' id='word_1_247' title='bbox 1056 3024 1239 3084; x_wconf 58' lang='lat' dir='ltr'>Miser</span> <span class='ocrx_word' id='word_1_248' title='bbox 1281 3025 1387 3084; x_wconf 89' lang='lat' dir='ltr'>IV</span> <span class='ocrx_word' id='word_1_249' title='bbox 1425 3044 1467 3084; x_wconf 80' lang='lat' dir='ltr'>u</span> <span class='ocrx_word' id='word_1_250' title='bbox 1510 3026 1666 3085; x_wconf 75' lang='lat' dir='ltr'>mlet.</span> <span class='ocrx_word' id='word_1_251' title='bbox 1707 3028 1943 3085; x_wconf 82' lang='lat' dir='ltr'>arkivu.</span> 
     </span>
    </p>
   </div>
   <div class='ocr_carea' id='block_1_11' title="bbox 894 3208 2720 3316">
    <p class='ocr_par' dir='ltr' id='par_1_12' title="bbox 894 3208 2720 3316">
     <span class='ocr_line' id='line_1_29' title="bbox 894 3208 2720 3316; baseline 0.004 -25"><span class='ocrx_word' id='word_1_252' title='bbox 894 3210 1151 3291; x_wconf 80' lang='lat' dir='ltr'>XXV.</span> <span class='ocrx_word' id='word_1_253' title='bbox 1206 3208 1409 3291; x_wconf 79' lang='lat' dir='ltr'>God.</span> <span class='ocrx_word' id='word_1_254' title='bbox 1467 3211 1692 3295; x_wconf 80' lang='grc'>1359.</span> <span class='ocrx_word' id='word_1_255' title='bbox 1749 3214 1805 3294; x_wconf 86' lang='grc'>4</span> <span class='ocrx_word' id='word_1_256' title='bbox 1857 3214 2234 3314; x_wconf 76' lang='lat' dir='ltr'>travnja,</span> <span class='ocrx_word' id='word_1_257' title='bbox 2286 3238 2347 3296; x_wconf 91' lang='lat' dir='ltr'>u</span> <span class='ocrx_word' id='word_1_258' title='bbox 2402 3217 2720 3316; x_wconf 85' lang='lat' dir='ltr'>Pragn.</span> 
     </span>
    </p>
   </div>
   <div class='ocr_carea' id='block_1_12' title="bbox 448 3332 3222 3948">
    <p class='ocr_par' dir='ltr' id='par_1_13' title="bbox 448 3332 3222 3948">
     <span class='ocr_line' id='line_1_30' title="bbox 660 3332 3175 3422; baseline 0.004 -25"><span class='ocrx_word' id='word_1_259' title='bbox 660 3332 918 3397; x_wconf 90' lang='lat' dir='ltr'>Carolus</span> <span class='ocrx_word' id='word_1_260' title='bbox 979 3334 1397 3398; x_wconf 88' lang='lat' dir='ltr'>Romanorum</span> <span class='ocrx_word' id='word_1_261' title='bbox 1462 3335 1791 3417; x_wconf 89' lang='lat' dir='ltr'>imperator</span> <span class='ocrx_word' id='word_1_262' title='bbox 1839 3340 1900 3400; x_wconf 91' lang='lat' dir='ltr'>et</span> <span class='ocrx_word' id='word_1_263' title='bbox 1943 3337 2233 3401; x_wconf 87' lang='lat' dir='ltr'>Boemiae</span> <span class='ocrx_word' id='word_1_264' title='bbox 2279 3358 2382 3402; x_wconf 79' lang='lat' dir='ltr'>rex</span> <span class='ocrx_word' id='word_1_265' title='bbox 2427 3339 2740 3422; x_wconf 85' lang='lat' dir='ltr'>significat</span> <span class='ocrx_word' id='word_1_266' title='bbox 2788 3342 3175 3407; x_wconf 82' lang='lat' dir='ltr'>universitati</span> 
     </span>
     <span class='ocr_line' id='line_1_31' title="bbox 454 3420 3174 3508; baseline 0.004 -25"><span class='ocrx_word' id='word_1_267' title='bbox 454 3420 947 3502; x_wconf 90' lang='lat' dir='ltr'>Augustensium</span> <span class='ocrx_word' id='word_1_268' title='bbox 1038 3440 1217 3495; x_wconf 89' lang='lat' dir='ltr'>„cum</span> <span class='ocrx_word' id='word_1_269' title='bbox 1286 3441 1398 3504; x_wconf 91' lang='lat' dir='ltr'>pro</span> <span class='ocrx_word' id='word_1_270' title='bbox 1457 3441 1666 3486; x_wconf 87' lang='lat' dir='ltr'>amore</span> <span class='ocrx_word' id='word_1_271' title='bbox 1727 3423 2139 3487; x_wconf 88' lang='lat' dir='ltr'>illustrissimi</span> <span class='ocrx_word' id='word_1_272' title='bbox 2202 3427 2493 3508; x_wconf 90' lang='lat' dir='ltr'>principis</span> <span class='ocrx_word' id='word_1_273' title='bbox 2568 3427 2799 3493; x_wconf 91' lang='lat' dir='ltr'>domini</span> <span class='ocrx_word' id='word_1_274' title='bbox 2885 3431 3174 3494; x_wconf 88' lang='lat' dir='ltr'>Ludovici</span> 
     </span>
     <span class='ocr_line' id='line_1_32' title="bbox 452 3507 3222 3596; baseline 0.004 -27"><span class='ocrx_word' id='word_1_275' title='bbox 452 3507 617 3588; x_wconf 88' lang='lat' dir='ltr'>regis</span> <span class='ocrx_word' id='word_1_276' title='bbox 663 3507 984 3589; x_wconf 88' lang='lat' dir='ltr'>Hungarie</span> <span class='ocrx_word' id='word_1_277' title='bbox 1026 3508 1239 3572; x_wconf 86' lang='lat' dir='ltr'>fratris</span> <span class='ocrx_word' id='word_1_278' title='bbox 1286 3511 1479 3574; x_wconf 89' lang='lat' dir='ltr'>nostri</span> <span class='ocrx_word' id='word_1_279' title='bbox 1524 3509 1733 3574; x_wconf 91' lang='lat' dir='ltr'>dilecti</span> <span class='ocrx_word' id='word_1_280' title='bbox 1781 3511 2137 3575; x_wconf 84' lang='lat' dir='ltr'>inimititias</span> <span class='ocrx_word' id='word_1_281' title='bbox 2182 3514 2487 3596; x_wconf 88' lang='lat' dir='ltr'>gessimus</span> <span class='ocrx_word' id='word_1_282' title='bbox 2548 3517 2976 3581; x_wconf 89' lang='lat' dir='ltr'>contrariando</span> <span class='ocrx_word' id='word_1_283' title='bbox 3025 3518 3177 3581; x_wconf 86' lang='lat' dir='ltr'>civi·</span> <span class='ocrx_word' id='word_1_284' title='bbox 3219 3579 3222 3580; x_wconf 16' lang='lat'><em>⁷</em></span> 
     </span>
     <span class='ocr_line' id='line_1_33' title="bbox 457 3594 3174 3687; baseline 0.005 -31"><span class='ocrx_word' id='word_1_285' title='bbox 457 3595 578 3658; x_wconf 87' lang='lat' dir='ltr'>tati</span> <span class='ocrx_word' id='word_1_286' title='bbox 643 3594 1044 3659; x_wconf 76' lang='lat' dir='ltr'>venetiarum</span> <span class='ocrx_word' id='word_1_287' title='bbox 1100 3595 1454 3678; x_wconf 88' lang='lat' dir='ltr'>civibusque</span> <span class='ocrx_word' id='word_1_288' title='bbox 1515 3597 1790 3662; x_wconf 90' lang='lat' dir='ltr'>eiusdem</span> <span class='ocrx_word' id='word_1_289' title='bbox 1853 3599 2126 3663; x_wconf 87' lang='lat' dir='ltr'>civitatis</span> <span class='ocrx_word' id='word_1_290' title='bbox 2190 3603 2433 3665; x_wconf 90' lang='lat' dir='ltr'>etcum</span> <span class='ocrx_word' id='word_1_291' title='bbox 2480 3622 2546 3666; x_wconf 90' lang='lat' dir='ltr'>se</span> <span class='ocrx_word' id='word_1_292' title='bbox 2594 3606 2810 3668; x_wconf 89' lang='lat' dir='ltr'>mutuo</span> <span class='ocrx_word' id='word_1_293' title='bbox 2858 3624 3018 3668; x_wconf 88' lang='lat' dir='ltr'>nunc</span> <span class='ocrx_word' id='word_1_294' title='bbox 3064 3624 3174 3687; x_wconf 90' lang='lat' dir='ltr'>per</span> 
     </span>
     <span class='ocr_line' id='line_1_34' title="bbox 454 3682 3173 3770; baseline 0.004 -26"><span class='ocrx_word' id='word_1_295' title='bbox 454 3682 845 3745; x_wconf 86' lang='lat' dir='ltr'>concordiam</span> <span class='ocrx_word' id='word_1_296' title='bbox 911 3685 1390 3765; x_wconf 84' lang='lat' dir='ltr'>composuerint,</span> <span class='ocrx_word' id='word_1_297' title='bbox 1441 3685 1585 3749; x_wconf 89' lang='lat' dir='ltr'>hinc</span> <span class='ocrx_word' id='word_1_298' title='bbox 1643 3688 1740 3749; x_wconf 88' lang='lat' dir='ltr'>est</span> <span class='ocrx_word' id='word_1_299' title='bbox 1785 3706 1892 3768; x_wconf 82' lang='lat' dir='ltr'>per</span> <span class='ocrx_word' id='word_1_300' title='bbox 1956 3705 2062 3749; x_wconf 88' lang='lat' dir='ltr'>nos</span> <span class='ocrx_word' id='word_1_301' title='bbox 2125 3687 2463 3770; x_wconf 80' lang='lat' dir='ltr'>predictam</span> <span class='ocrx_word' id='word_1_302' title='bbox 2528 3689 2850 3754; x_wconf 87' lang='lat' dir='ltr'>civitatem</span> <span class='ocrx_word' id='word_1_303' title='bbox 2898 3694 2962 3754; x_wconf 83' lang='lat' dir='ltr'>et</span> <span class='ocrx_word' id='word_1_304' title='bbox 3009 3693 3173 3756; x_wconf 87' lang='lat' dir='ltr'>cives</span> 
     </span>
     <span class='ocr_line' id='line_1_35' title="bbox 448 3767 3174 3856; baseline 0.005 -26"><span class='ocrx_word' id='word_1_305' title='bbox 448 3767 851 3834; x_wconf 85' lang='lat' dir='ltr'>Venetiamm</span> <span class='ocrx_word' id='word_1_306' title='bbox 917 3788 1056 3834; x_wconf 89' lang='lat' dir='ltr'>cum</span> <span class='ocrx_word' id='word_1_307' title='bbox 1120 3790 1327 3835; x_wconf 86' lang='lat' dir='ltr'>eorum</span> <span class='ocrx_word' id='word_1_308' title='bbox 1378 3771 1550 3835; x_wconf 90' lang='lat' dir='ltr'>bonis</span> <span class='ocrx_word' id='word_1_309' title='bbox 1596 3774 1869 3856; x_wconf 88' lang='lat' dir='ltr'>gratiose</span> <span class='ocrx_word' id='word_1_310' title='bbox 1915 3774 2363 3854; x_wconf 87' lang='lat' dir='ltr'>resumpsimus</span> <span class='ocrx_word' id='word_1_311' title='bbox 2415 3777 2479 3839; x_wconf 89' lang='lat' dir='ltr'>in</span> <span class='ocrx_word' id='word_1_312' title='bbox 2525 3779 2732 3841; x_wconf 80' lang='lat' dir='ltr'>nostre</span> <span class='ocrx_word' id='word_1_313' title='bbox 2778 3779 2998 3842; x_wconf 89' lang='lat' dir='ltr'>tutelle</span> <span class='ocrx_word' id='word_1_314' title='bbox 3043 3779 3174 3843; x_wconf 83' lang='lat' dir='ltr'>def—</span> 
     </span>
     <span class='ocr_line' id='line_1_36' title="bbox 450 3854 3176 3948; baseline 0.005 -31"><span class='ocrx_word' id='word_1_315' title='bbox 450 3854 790 3919; x_wconf 86' lang='lat' dir='ltr'>fensionem</span> <span class='ocrx_word' id='word_1_316' title='bbox 839 3857 1198 3921; x_wconf 80' lang='lat' dir='ltr'>cesariam.“</span> <span class='ocrx_word' id='word_1_317' title='bbox 1257 3859 1582 3941; x_wconf 87' lang='lat' dir='ltr'>Praecipit,</span> <span class='ocrx_word' id='word_1_318' title='bbox 1649 3864 1718 3923; x_wconf 90' lang='lat' dir='ltr'>ut</span> <span class='ocrx_word' id='word_1_319' title='bbox 1762 3862 1879 3925; x_wconf 85' lang='lat' dir='ltr'>hoc</span> <span class='ocrx_word' id='word_1_320' title='bbox 1939 3862 2169 3926; x_wconf 86' lang='lat' dir='ltr'>factum</span> <span class='ocrx_word' id='word_1_321' title='bbox 2228 3862 2598 3943; x_wconf 84' lang='lat' dir='ltr'>publicetur.</span> <span class='ocrx_word' id='word_1_322' title='bbox 2654 3866 2926 3940; x_wconf 84' lang='lat' dir='ltr'>„Datum</span> <span class='ocrx_word' id='word_1_323' title='bbox 2978 3867 3176 3948; x_wconf 88' lang='lat' dir='ltr'>Prage</span> 
     </span>
    </p>
   </div>
   <div class='ocr_carea' id='block_1_13' title="bbox 452 3941 3169 4114">
    <p class='ocr_par' dir='ltr' id='par_1_14' title="bbox 452 3941 3169 4114">
     <span class='ocr_line' id='line_1_37' title="bbox 452 3941 3169 4037; baseline 0.005 -32"><span class='ocrx_word' id='word_1_324' title='bbox 452 3942 552 4005; x_wconf 92' lang='lat' dir='ltr'>die</span> <span class='ocrx_word' id='word_1_325' title='bbox 592 3944 794 4008; x_wconf 88' lang='lat' dir='ltr'>sancti</span> <span class='ocrx_word' id='word_1_326' title='bbox 825 3941 1144 4008; x_wconf 88' lang='lat' dir='ltr'>Ambrosii</span> <span class='ocrx_word' id='word_1_327' title='bbox 1175 3945 1463 4029; x_wconf 89' lang='lat' dir='ltr'>episcopi,</span> <span class='ocrx_word' id='word_1_328' title='bbox 1499 3965 1822 4029; x_wconf 85' lang='lat' dir='ltr'>regnorum</span> <span class='ocrx_word' id='word_1_329' title='bbox 1857 3967 2013 4012; x_wconf 89' lang='lat' dir='ltr'>anno</span> <span class='ocrx_word' id='word_1_330' title='bbox 2046 3948 2426 4029; x_wconf 81' lang='lat' dir='ltr'>duodecimo,</span> <span class='ocrx_word' id='word_1_331' title='bbox 2462 3952 2706 4034; x_wconf 88' lang='lat' dir='ltr'>imperii</span> <span class='ocrx_word' id='word_1_332' title='bbox 2738 3972 2885 4018; x_wconf 89' lang='lat' dir='ltr'>vero</span> <span class='ocrx_word' id='word_1_333' title='bbox 2916 3956 3169 4037; x_wconf 84' lang='lat' dir='ltr'>quarto“</span> 
     </span>
     <span class='ocr_line' id='line_1_38' title="bbox 538 4030 1959 4114; baseline 0.004 -23"><span class='ocrx_word' id='word_1_334' title='bbox 538 4030 1109 4093; x_wconf 78' lang='lat' dir='ltr'>Commemorialium</span> <span class='ocrx_word' id='word_1_335' title='bbox 1165 4035 1217 4095; x_wconf 87' lang='lat' dir='ltr'><strong><em>V</em></strong></span> <span class='ocrx_word' id='word_1_336' title='bbox 1260 4039 1405 4114; x_wconf 85' lang='grc'>108,</span> <span class='ocrx_word' id='word_1_337' title='bbox 1453 4055 1495 4095; x_wconf 77' lang='lat' dir='ltr'>u</span> <span class='ocrx_word' id='word_1_338' title='bbox 1532 4038 1688 4098; x_wconf 68' lang='lat' dir='ltr'>meet.</span> <span class='ocrx_word' id='word_1_339' title='bbox 1738 4040 1959 4097; x_wconf 76' lang='lat' dir='ltr'>arkivu</span> 
     </span>
    </p>
   </div>
   <div class='ocr_carea' id='block_1_14' title="bbox 949 4222 2676 4327">
    <p class='ocr_par' dir='ltr' id='par_1_15' title="bbox 949 4222 2676 4327">
     <span class='ocr_line' id='line_1_39' title="bbox 949 4222 2676 4327; baseline 0.006 -24"><span class='ocrx_word' id='word_1_340' title='bbox 949 4224 1101 4303; x_wconf 81' lang='lat' dir='ltr'>XX</span> <span class='ocrx_word' id='word_1_341' title='bbox 1117 4222 1250 4303; x_wconf 83' lang='lat' dir='ltr'>Vl.</span> <span class='ocrx_word' id='word_1_342' title='bbox 1308 4223 1535 4308; x_wconf 81' lang='grc'>1359.</span> <span class='ocrx_word' id='word_1_343' title='bbox 1595 4227 1682 4306; x_wconf 97' lang='grc'>11</span> <span class='ocrx_word' id='word_1_344' title='bbox 1738 4227 2112 4327; x_wconf 78' lang='lat' dir='ltr'>travnja,</span> <span class='ocrx_word' id='word_1_345' title='bbox 2163 4249 2223 4310; x_wconf 89' lang='lat' dir='ltr'>u</span> <span class='ocrx_word' id='word_1_346' title='bbox 2280 4229 2676 4313; x_wconf 79' lang='lat' dir='ltr'>Mleteih.</span> 
     </span>
    </p>
   </div>
   <div class='ocr_carea' id='block_1_15' title="bbox 452 4344 3177 4516">
    <p class='ocr_par' dir='ltr' id='par_1_16' title="bbox 452 4344 3177 4516">
     <span class='ocr_line' id='line_1_40' title="bbox 452 4344 3177 4434; baseline 0.006 -32"><span class='ocrx_word' id='word_1_347' title='bbox 452 4344 721 4404; x_wconf 71' lang='lat' dir='ltr'>Izabran</span> <span class='ocrx_word' id='word_1_348' title='bbox 767 4348 948 4407; x_wconf 79' lang='lat' dir='ltr'>odbor</span> <span class='ocrx_word' id='word_1_349' title='bbox 989 4348 1066 4407; x_wconf 79' lang='lat' dir='ltr'>od</span> <span class='ocrx_word' id='word_1_350' title='bbox 1110 4348 1533 4421; x_wconf 59' lang='lat' dir='ltr'>§esde-selme,</span> <span class='ocrx_word' id='word_1_351' title='bbox 1580 4352 1662 4411; x_wconf 84' lang='lat' dir='ltr'>da</span> <span class='ocrx_word' id='word_1_352' title='bbox 1701 4352 1847 4412; x_wconf 63' lang='lat' dir='ltr'>rie-§i</span> <span class='ocrx_word' id='word_1_353' title='bbox 1878 4370 2069 4426; x_wconf 75' lang='lat' dir='ltr'>posao</span> <span class='ocrx_word' id='word_1_354' title='bbox 2116 4356 2296 4414; x_wconf 66' lang='lat' dir='ltr'>tieuei</span> <span class='ocrx_word' id='word_1_355' title='bbox 2324 4372 2387 4416; x_wconf 83' lang='lat' dir='ltr'>se</span> <span class='ocrx_word' id='word_1_356' title='bbox 2437 4358 2635 4416; x_wconf 78' lang='lat' dir='ltr'>Ivana</span> <span class='ocrx_word' id='word_1_357' title='bbox 2668 4356 2916 4434; x_wconf 71' lang='lat' dir='ltr'>Georyio</span> <span class='ocrx_word' id='word_1_358' title='bbox 2947 4359 3177 4432; x_wconf 62' lang='lat' dir='ltr'>odprije</span> 
     </span>
     <span class='ocr_line' id='line_1_41' title="bbox 1450 4440 2176 4516; baseline 0.006 -18"><span class='ocrx_word' id='word_1_359' title='bbox 1450 4440 1642 4499; x_wconf 74' lang='lat' dir='ltr'>Ionem</span> <span class='ocrx_word' id='word_1_360' title='bbox 1685 4440 2176 4516; x_wconf 64' lang='lat' dir='ltr'>horeulamkoqa.</span> 
     </span>
    </p>
   </div>
   <div class='ocr_carea' id='block_1_16' title="bbox 448 4551 3170 4737">
    <p class='ocr_par' dir='ltr' id='par_1_17' title="bbox 448 4551 3170 4737">
     <span class='ocr_line' id='line_1_42' title="bbox 665 4551 3168 4649; baseline 0.008 -37"><span class='ocrx_word' id='word_1_361' title='bbox 665 4551 829 4613; x_wconf 86' lang='lat'>1359</span> <span class='ocrx_word' id='word_1_362' title='bbox 880 4551 1213 4618; x_wconf 87' lang='lat' dir='ltr'>indictione</span> <span class='ocrx_word' id='word_1_363' title='bbox 1260 4556 1404 4634; x_wconf 90' lang='lat' dir='ltr'>XII,</span> <span class='ocrx_word' id='word_1_364' title='bbox 1455 4558 1554 4623; x_wconf 90' lang='lat' dir='ltr'>die</span> <span class='ocrx_word' id='word_1_365' title='bbox 1600 4559 1688 4623; x_wconf 91' lang='lat' dir='ltr'>XI</span> <span class='ocrx_word' id='word_1_366' title='bbox 1734 4561 1970 4642; x_wconf 86' lang='lat' dir='ltr'>aprilis.</span> <span class='ocrx_word' id='word_1_367' title='bbox 2004 4560 2354 4626; x_wconf 87' lang='lat' dir='ltr'>Consiliarii</span> <span class='ocrx_word' id='word_1_368' title='bbox 2407 4565 2471 4627; x_wconf 89' lang='grc'>01</span> <span class='ocrx_word' id='word_1_369' title='bbox 2501 4564 2741 4647; x_wconf 89' lang='lat' dir='ltr'>capita:</span> <span class='ocrx_word' id='word_1_370' title='bbox 2790 4567 2952 4649; x_wconf 91' lang='lat' dir='ltr'>quod</span> <span class='ocrx_word' id='word_1_371' title='bbox 3000 4566 3168 4632; x_wconf 87' lang='lat' dir='ltr'>istud</span> 
     </span>
     <span class='ocr_line' id='line_1_43' title="bbox 448 4636 3170 4737; baseline 0.006 -34"><span class='ocrx_word' id='word_1_372' title='bbox 448 4636 687 4703; x_wconf 77' lang='grc'>18011118</span> <span class='ocrx_word' id='word_1_373' title='bbox 736 4656 840 4701; x_wconf 90' lang='grc'>801</span> <span class='ocrx_word' id='word_1_374' title='bbox 885 4638 1189 4706; x_wconf 87' lang='lat' dir='ltr'>Johaunis</span> <span class='ocrx_word' id='word_1_375' title='bbox 1235 4642 1504 4729; x_wconf 88' lang='lat' dir='ltr'>Georgio</span> <span class='ocrx_word' id='word_1_376' title='bbox 1545 4646 1793 4711; x_wconf 90' lang='lat' dir='ltr'>comitis</span> <span class='ocrx_word' id='word_1_377' title='bbox 1842 4647 2097 4714; x_wconf 90' lang='lat' dir='ltr'>Curzole</span> <span class='ocrx_word' id='word_1_378' title='bbox 2143 4651 2345 4733; x_wconf 85' lang='lat' dir='ltr'>tangit</span> <span class='ocrx_word' id='word_1_379' title='bbox 2400 4652 2673 4718; x_wconf 88' lang='lat' dir='ltr'>multum</span> <span class='ocrx_word' id='word_1_380' title='bbox 2720 4672 2832 4737; x_wconf 91' lang='lat' dir='ltr'>pro</span> <span class='ocrx_word' id='word_1_381' title='bbox 2866 4655 3030 4719; x_wconf 91' lang='lat' dir='ltr'>omni</span> <span class='ocrx_word' id='word_1_382' title='bbox 3074 4674 3170 4719; x_wconf 91' lang='lat' dir='ltr'>re-</span> 
     </span>
    </p>
   </div>
  </div>
 </body>
</html>
