3620 5282
495 358 579 422 78

490 551 733 598 movere
780 530 1027 594 volebat
1072 530 1289 594 contra
1315 548 1573 612 regnum
1602 548 1804 602 suum,
1850 532 2013 594 sicut
2039 531 2171 612 ipsa
2195 529 2349 595 bene
2375 530 2566 607 novit,
2618 529 2928 595 noluimus
2976 530 3098 595 sibi
3141 530 3235 596 sa-

493 639 632 684 vere
678 618 806 683 ullo
855 617 1051 693 modo,
1099 617 1206 680 sed
1253 636 1395 681 cum
1444 617 1672 682 uostris
1718 618 1911 700 galeis
1953 617 2014 681 id
2052 619 2436 683 turbavimus
2483 619 2616 683 toto
2660 636 2856 699 posse.
2909 618 3232 683 Delibera-

495 709 696 771 vimus
754 706 1004 769 mittere
1064 706 1144 768 ad
1207 704 1631 782 excellentiam
1697 724 1875 769 suam
1939 707 2013 769 ad
2077 706 2416 789 rogandum
2477 724 2635 784 eam,
2689 708 2989 788 quatenus
3039 707 3230 770 nostri

492 794 723 859 amoris
769 793 1000 857 intuitu
1046 792 1292 856 ordinet
1338 791 1548 874 sicque
1597 811 1736 856 cum
1787 792 2010 857 effectu
2058 794 2362 875 disponat,
2411 792 2574 876 quod
2625 795 2792 858 nullo
2844 793 3020 857 modo
3065 794 3229 858 dicte

492 881 668 963 galee
705 880 802 945 vel
849 880 1059 962 aliqua
1103 898 1314 943 earum
1364 886 1474 943 aut
1522 880 1762 944 similes
1812 881 1989 962 galee
2034 882 2354 945 armentur
2415 880 2479 944 in
2537 881 2722 945 dictis
2783 880 3065 963 partibus
3133 881 3229 944 vel

492 970 636 1032 aliis
682 968 836 1033 locis
883 967 1149 1032 subditis
1197 967 1556 1031 excellentie
1603 987 1733 1037 sue,
1784 969 1946 1032 sicut
1994 968 2168 1048 plene
2214 986 2557 1049 speramus
2607 969 2689 1033 Et
2732 969 2884 1032 situ
2919 968 3231 1033 obtinebis

494 1060 769 1120 nostram
817 1055 1219 1118 intentionem
1267 1055 1630 1137 predictam,
1704 1056 1793 1119 ita
1837 1055 1997 1136 quod
2047 1056 2120 1118 de
2180 1054 2296 1119 hoc
2359 1056 2608 1120 domina
2670 1057 2885 1138 regina
2944 1057 3027 1119 sit
3087 1074 3232 1120 con-

500 1145 677 1208 tenta
724 1147 789 1207 et
834 1142 1217 1224 complaceat
1262 1142 1458 1219 uobis,
1509 1160 1768 1225 procura
1815 1144 1943 1206 toto
1990 1161 2164 1224 posse
2209 1144 2488 1207 obtinere
2536 1144 2778 1207 litteras
2838 1162 2983 1207 suas
3044 1162 3232 1226 super

498 1232 667 1296 dicta
714 1230 993 1306 materia,
1043 1248 1160 1311 que
1206 1229 1379 1294 nobis
1451 1231 1786 1294 mittantur
1845 1248 2026 1310 super
2084 1230 2541 1295 contentatione
2596 1249 2745 1311 sua;
2807 1232 2871 1294 et
2932 1249 3074 1294 cum
3138 1249 3228 1310 eo,

498 1318 658 1401 quod
705 1318 1012 1395 babuci-ie,
1066 1317 1355 1381 venetias
1400 1318 1611 1381 redeas
1659 1318 1733 1380 de
1772 1318 2057 1381 omnibus
2104 1318 2277 1382 novis
2327 1318 2505 1399 plene
2537 1316 2929 1382 informatus
2979 1316 3045 1382 Si
3088 1336 3232 1382 vero

498 1424 618 1470 non
666 1423 874 1487 posses
919 1404 1194 1469 obtinere
1241 1407 1515 1469 nostram
1560 1405 1967 1470 intentionem
2015 1404 2379 1486 predictam,
2431 1423 2616 1487 quare
2676 1405 2837 1469 forte
2900 1405 3065 1470 dicta
3135 1425 3232 1469 re-

497 1491 644 1575 gina
691 1494 943 1568 diceret,
994 1494 1120 1555 iam
1169 1492 1526 1573 promisisse
1591 1493 1704 1555 hoc
1757 1491 2006 1556 domino
2051 1493 2180 1574 regi
2229 1494 2325 1556 vel
2392 1493 2514 1557 alia
2578 1511 2782 1569 causa,
2849 1495 2997 1557 tunc
3060 1493 3231 1558 dicas

496 1582 616 1645 sibi
659 1581 948 1656 finaliter,
991 1579 1153 1660 quod
1202 1580 1253 1643 si
1302 1577 1475 1663 galee
1532 1580 1805 1661 predicte
1867 1580 2272 1643 armabuntur
2319 1581 2390 1643 ut
2449 1581 2548 1644 est
2611 1579 2866 1658 dictum,
2929 1583 2994 1645 et
3052 1581 3229 1645 nobis

496 1668 595 1732 vel
641 1668 902 1750 navigiis
951 1670 1063 1731 aut
1105 1667 1290 1731 terris
1334 1672 1398 1731 et
1443 1665 1729 1730 fidelibus
1777 1665 2007 1731 nostris
2056 1666 2302 1749 aliquod
2351 1667 2581 1732 facient
2639 1668 2950 1746 damnum,
2991 1686 3228 1750 quoquo

497 1755 679 1820 modo
748 1754 1208 1837 providebimus
1254 1757 1319 1818 et
1365 1755 1681 1836 providere
1727 1754 2108 1819 intendimus
2156 1755 2285 1818 illis
2332 1754 2639 1830 remediiS,
2699 1775 2817 1836 que
2864 1756 3229 1820 conveniant

498 1842 688 1907 saluti
754 1846 818 1907 et
876 1842 1034 1906 bono
1098 1844 1322 1918 nostro,
1388 1859 1499 1905 nec
1560 1859 1877 1921 possemus
1925 1842 2080 1906 talia
2124 1842 2434 1906 ullatenus
2482 1842 2789 1907 tollerare.
2849 1842 2934 1906 Et
2978 1845 3230 1924 accepto

498 1929 844 1994 honorabili
906 1932 1209 2007 comeatu,
1260 1929 1547 1993 Venetiae
1610 1927 1896 2009 reddeas,
1967 1929 2043 1993 de
2104 1931 2389 1994 omnibus
2451 1928 2844 1995 informatus,
2911 1930 3076 1994 Data
3131 1929 3232 1994 die

498 2017 746 2082 XXIIII
793 2017 1052 2082 ianuarii
1097 2017 1281 2081 tertie
1329 2016 1701 2080 indictionis.

586 2123 827 2184 Secreta
870 2124 1105 2184 consilii
1148 2126 1506 2197 royatorum,
1552 2141 1595 2181 u
1641 2122 1796 2183 mlet.
1845 2123 2083 2183 arkivu.

814 2364 1238 2447 CXXXV.
1292 2362 1500 2446 God.
1556 2361 1781 2446 1365.
1838 2364 1946 2446 24
1996 2362 2348 2467 siccata,
2405 2387 2462 2446 u
2517 2365 2912 2453 Mleteih.

499 2506 836 2580 Repubzika
878 2505 1168 2566 mletadka
1211 2506 1481 2579 izkazm'e
1526 2507 1697 2578 avoy‘u
1734 2506 2085 2566 zahvalnost
2128 2508 2460 2580 uqarehrv.
2522 2508 2726 2581 kraha
2786 2504 2932 2583 sboy
2991 2510 3229 2584 m'eyove

498 2594 960 2668 uepristranosti
1004 2611 1046 2653 u
1090 2594 1321 2654 sivan-ih
1369 2593 1585 2654 tioudih
1642 2610 1704 2654 sc
1760 2594 1988 2656 zavade
2047 2595 2326 2669 obstojede
2387 2595 2543 2669 medi
2602 2599 2761 2670 njom
2814 2598 2839 2656 i
2888 2595 3230 2668 jSnuvezi,

500 2687 555 2742 te
593 2700 676 2757 qa
703 2681 861 2751 moli,
907 2682 989 2740 da
1030 2682 1314 2751 naredbu‚
1360 2683 1553 2752 koiom
1597 2699 1659 2742 se
1701 2684 2054 2756 zabranjnje
2098 2683 2428 2743 mletadkim
2474 2685 2782 2744 brodovom
2821 2687 3001 2745 voniti
3053 2686 3143 2746 sol
3185 2704 3226 2744 u

1089 2771 1327 2844 njeyove
1373 2770 1525 2840 lake,
1565 2771 1677 2829 kao
1723 2771 1951 2830 navadi
1982 2772 2292 2850 prot-iona,
2343 2774 2635 2834 odstrani.

710 2891 976 2956 Domino
1021 2890 1153 2975 regi
1203 2889 1535 2974 Hungarie.
1583 2890 1879 2970 Quamvis
1928 2892 2332 2956 cancellarius
2377 2898 2584 2957 noster
2631 2892 2825 2974 pridie
2893 2913 2930 2959 a
2976 2913 3227 2977 presen-

500 2979 590 3044 tia
637 2980 840 3047 vestra
881 2998 1160 3044 reversus
1209 2979 1408 3043 multa
1454 2978 1632 3043 nobis
1700 2978 1984 3044 retulerit
2038 2981 2110 3043 de
2178 2998 2402 3063 magna
2469 2980 2826 3045 sinceritate
2889 2982 3101 3059 animi,
3165 2983 3230 3046 et

452 3108 454 3111 <
500 3068 738 3151 optima
779 3067 1114 3144 voluntate,
1162 3085 1348 3148 quam
1410 3067 1473 3129 in
1537 3066 1707 3131 vobis
1753 3067 2072 3133 invenerat
2131 3085 2280 3149 erga
2345 3087 2472 3147 noe,
2534 3088 2605 3131 ex
2662 3087 2781 3150 quo
2842 3068 2991 3133 licet
3043 3070 3228 3133 autea

504 3156 661 3219 satis
708 3173 1006 3236 essemus,
1053 3153 1132 3217 ad
1178 3173 1414 3236 queque
1464 3154 1853 3235 beneplacita
1900 3154 2103 3219 vestra
2153 3173 2260 3218 nos
2305 3156 2661 3219 reddidistis
2706 3158 2928 3221 merito
2977 3175 3227 3239 promp-

502 3244 725 3318 tiores;
773 3243 930 3305 hanc
976 3245 1184 3305 tamen
1233 3241 1611 3306 laudabilem
1660 3242 2125 3323 dispositionem
2174 3245 2445 3307 vestram
2491 3243 2650 3325 apud
2700 3262 2810 3308 nos
2858 3244 3230 3308 mirabiliter

504 3328 955 3392 confirmarunt
1010 3329 1370 3393 ambaxator
1417 3334 1619 3394 vester
1641 3331 1914 3411 proxime
1960 3330 2038 3393 ad
2086 3349 2193 3394 nos
2240 3331 2485 3408 missus,
2538 3332 2639 3414 qui
2683 3331 2863 3413 plura
2904 3331 3095 3396 etiam
3154 3332 3229 3395 de

510 3417 721 3480 eadem
771 3416 1032 3478 materia
1078 3415 1254 3479 nobis
1302 3414 1461 3480 dixit
1506 3436 1617 3481 nec
1664 3436 1779 3480 non
1830 3416 1997 3500 regie
2044 3420 2247 3481 vestre
2314 3417 2522 3482 littere
2587 3418 2973 3501 responsales
3033 3419 3227 3501 pridie

506 3502 682 3568 nobis
734 3501 920 3566 misse
966 3521 1150 3585 super
1196 3503 1462 3584 quodam
1509 3504 1712 3568 banno
1783 3505 1844 3568 in
1887 3503 2204 3569 Dalmatia
2264 3505 2574 3587 publicato
2638 3509 3008 3583 continente,
3070 3507 3228 3588 quod

507 3590 668 3655 inter
712 3590 1056 3654 Jauuenses
1101 3591 1165 3654 et
1212 3608 1320 3654 nos
1368 3590 1673 3656 discordia
1717 3593 2083 3656 verteretur.
2145 3592 2216 3655 In
2275 3592 2497 3674 quibus
2557 3593 2805 3676 quidem
2865 3593 3097 3658 litteris
3165 3593 3229 3658 et

504 3678 825 3744 sinistram
877 3677 1374 3742 informationem
1423 3679 1482 3743 in
1531 3679 1663 3762 ipso
1711 3678 1875 3743 facto
1921 3680 2094 3745 vobis
2142 3679 2475 3744 exhibitam
2546 3688 2610 3745 et
2654 3682 2979 3746 honestum
3041 3681 3226 3746 finem

507 3764 869 3831 intentionis
911 3766 1120 3830 nostre
1167 3766 1471 3844 videlicet,
1520 3770 1588 3831 ul
1633 3767 1797 3848 ipsos
1844 3768 1909 3830 et
1955 3785 2064 3831 nos
2112 3786 2470 3832 communes
2496 3769 2727 3833 amicos
2775 3771 3012 3833 vestros
3043 3788 3228 3850 equa-

507 3854 656 3919 liter
699 3853 1073 3927 tractaretis,
1120 3855 1185 3918 et
1230 3853 1294 3917 iu
1353 3854 1475 3917 fine
1520 3855 1899 3936 singularem
1945 3857 2212 3920 vestram
2275 3855 2539 3920 letitiam
2593 3856 2668 3920 de
2728 3858 2897 3921 omni
2952 3857 3107 3921 bono
3167 3862 3231 3921 et

504 3940 759 4026 pacifico
801 3943 972 4007 statu
1015 3945 1225 4007 nostro
1266 3941 1438 4005 stillo
1484 3941 1899 4007 urbanissimo
1944 3942 2380 4026 descripsistis,
2417 3944 2604 4026 digna
2637 3943 2885 4025 quidem
2926 3944 3036 4008 tali
3082 3963 3227 4028 rege

504 4030 838 4112 responsio,
885 4028 1094 4113 digna,
1143 4048 1261 4112 que
1309 4029 1539 4097 talibus
1588 4031 1652 4093 et
1696 4029 1826 4094 tam
1874 4030 2116 4095 devotis
2162 4030 2380 4094 amicis
2428 4030 2649 4095 vestris
2696 4033 2917 4096 merito
2970 4031 3056 4096 sit
3102 4033 3228 4096 dir-

505 4122 691 4184 recta.
739 4116 860 4197 Qui
905 4136 1089 4201 quam
1137 4117 1446 4181 uberiores
1492 4134 1819 4199 possumus
1865 4118 2038 4182 vobis
2086 4118 2342 4182 eximias
2384 4120 2594 4200 grates
2627 4120 2968 4195 referimus,
3010 4121 3076 4183 et
3120 4121 3222 4201 qui

506 4207 791 4285 gerentes
834 4205 900 4270 in
948 4211 1155 4271 mente
1202 4204 1492 4269 similiter
1538 4204 1957 4268 sinceritatem
2002 4206 2190 4269 animi
2261 4209 2325 4269 et
2384 4206 2585 4270 cordis
2642 4206 3013 4270 desiderium
3078 4226 3225 4288 erga

511 4311 612 4356 vos
655 4293 955 4358 libentius
998 4295 1158 4358 teste
1205 4294 1314 4356 deo
1363 4312 1427 4355 re
1472 4294 1535 4356 et
1581 4310 1762 4373 opere
1810 4292 1965 4356 illud
2014 4294 2076 4357 iu
2116 4292 2357 4357 cunctis
2403 4293 2626 4356 vestris
2670 4294 3003 4357 honoribus
3053 4312 3225 4358 mon-

508 4383 873 4445 straremus.
928 4381 1132 4464 Supra
1194 4381 1391 4463 igitur
1456 4399 1527 4443 ex
1583 4380 1903 4462 premissis
1973 4379 2215 4458 fiducia,
2280 4384 2344 4444 et
2399 4381 2649 4461 experti,
2711 4382 2872 4461 quod
2933 4382 3228 4446 hactenus

512 4467 709 4528 inulta
750 4468 917 4533 facta
954 4468 1239 4551 dictaque
1284 4470 1431 4532 suut
1476 4469 1539 4531 et
1584 4466 1861 4549 quotidie
1908 4468 2197 4532 dicuntur
2251 4473 2314 4531 et
2376 4469 2534 4532 fiunt
2588 4468 2650 4530 in
2712 4470 2896 4532 dictis
2956 4469 3224 4549 partitus

514 4553 825 4619 Dalmatio
869 4573 978 4637 per
1021 4555 1319 4638 quosdam
1365 4555 1533 4637 pacis
1573 4555 1832 4631 emulos,
1881 4557 2208 4636 querentes
2254 4573 2423 4618 more
2466 4558 2679 4618 satane
2719 4557 3024 4620 seminare
3070 4557 3227 4621 ziza-

510 4640 697 4712 niam,
747 4659 862 4720 que
907 4643 1148 4724 quando
1207 4642 1272 4707 in
1318 4646 1589 4708 vestram
1653 4643 1938 4706 notitiam
2001 4644 2148 4705 sunt
2206 4643 2482 4717 deducta,
2549 4643 2722 4706 vobis
2781 4642 3230 4723 displicuerunt

510 4730 584 4789 et.
621 4724 949 4809 displicent
987 4728 1397 4794 vehementer.
1461 4730 1708 4793 Dudum
1755 4730 1819 4793 in
1866 4730 2074 4793 animo
2120 4732 2499 4812 propositum
2563 4729 2885 4807 habemus,
2945 4729 3231 4811 quotiens
