3620 5282
484 348 614 416 248

483 524 732 603 Fallier,
780 525 845 588 la
890 522 1072 605 quale
1120 523 1207 589 mi
1232 526 1255 563 ¹
1299 522 1761 602 intendessimo,
1809 542 1843 588 6
1890 523 1965 588 (16
2012 522 2216 606 quello
2259 524 2377 588 eo*¹
2407 541 2479 587 ve
2515 522 2832 605 responde,
2881 523 2995 588 che
3042 541 3207 589 sem-

481 632 590 695 pre
654 613 802 676 1663
864 610 1224 677 desiderado
1278 615 1341 676 et
1401 610 1655 676 desira⁴
1716 612 1776 675 d’
1826 610 2012 676 haver
2071 611 2358 676 havudo⁶
2401 613 2610 676 vostra
2669 611 3089 688 ambassaria,
3131 613 3208 681 ,et

483 699 689 782 quella
733 699 1006 782 aspett03
1069 718 1102 764 e
1149 718 1389 781 sempre
1458 699 1503 763 il
1565 701 1688 764 mio
1753 698 2014 782 imperio
2070 698 2202 763 ha⁰
2248 698 2521 764 trattado
2569 718 2602 763 6
2650 699 2849 763 tratta
2894 697 3121 764 honore
3169 718 3203 763 6

482 786 702 852 61666τ
743 788 950 851 vostro
996 806 1029 850 6
1075 786 1177 852 (161
1222 788 1424 852 vostro
1470 788 1740 852 66161111Θ
1786 804 1818 851 6
1866 788 1937 851 (16
1984 786 2368 851 zascheduna
2400 786 2563 851 altra
2596 804 2873 868 persona,
2922 786 3035 851 che
3067 786 3208 851 vien

482 876 546 938 in
592 874 652 939 lo
700 874 825 940 mio
872 875 1169 956 imperio⁹
1218 893 1330 939 con
1377 874 1422 938 li
1471 873 1604 939 suoi
1649 873 2052 940 mercadanti.
2100 874 2187 938 Lo
2235 873 2359 939 mio
2406 874 2668 965 16196116
2709 894 2783 939 ve
2830 874 3205 956 inprometto

481 981 513 1025 6
560 980 703 1026 zuro
751 981 861 1045 per
919 962 1152 1027 christo
1214 962 1479 1045 glorioso
1540 982 1574 1027 e
1636 962 1698 1026 la
1761 963 2003 1027 verzine
2062 962 2268 1027 Maria
2329 982 2362 1027 6
2425 964 2607 1027 santa
2654 963 3000 1028 Parasceve
3028 963 3077 1000 ¹⁰
3124 961 3205 1026 da

479 1050 783 1115 Dressevo
808 1050 881 1129 ¹¹,
925 1070 958 1114 e
999 1049 1112 1114 sul'
1161 1050 1369 1114 anima
1415 1050 1560 1127 mia,
1608 1050 1717 1114 6116
1763 1049 1812 1113 11
1857 1049 2011 1114 vada
2042 1049 2199 1114 salvi
2238 1068 2270 1114 6
2307 1051 2506 1114 securi
2550 1049 2590 1112 l’
2622 1051 2850 1117 havere
2897 1070 2930 1113 e
2981 1049 3041 1115 le
3066 1068 3207 1130 per-

477 1154 624 1202 sone
668 1136 723 1200 d’
753 1138 907 1203 onde
952 1138 1012 1202 le
1054 1156 1272 1203 vorran
1315 1136 1543 1202 andare
1587 1158 1621 1202 6
1668 1138 1834 1202 stare
1880 1136 2142 1203 secondo
2174 1137 2219 1202 li
2265 1138 2425 1221 patti
2470 1157 2503 1204 6
2549 1139 2955 1216 sacramento,
3004 1137 3099 1201 ch'
3145 1137 3205 1201 io

479 1244 551 1290 ve
598 1226 753 1290 dado
797 1226 864 1290 in
906 1225 1110 1308 prima
1137 1227 1212 1290 ¹².

1226 1350 1416 1394 ιωαιιτ.
1465 1346 1783 1413 amenum.
1841 1349 2237 1413 sauros-tonna
2285 1349 2441 1413 116111..

694 1452 764 1516 Li
813 1452 1197 1535 soprascritti
1239 1452 1565 1518 carratteri
1628 1472 1775 1518 sono
1823 1453 1884 1517 di
1931 1453 2122 1519 minio
2169 1473 2201 1518 6
2249 1453 2611 1535 significano
2655 1454 2853 1521 Jovan
2905 1454 3202 1520 Alessan-

483 1539 593 1604 dro
642 1558 751 1622 per
795 1540 857 1604 la
901 1540 998 1605 dio
1041 1542 1244 1623 gratia
1292 1561 1357 1605 re
1403 1540 1466 1604 di
1512 1542 1812 1624 Bulgaria
1873 1560 2016 1606 over
2061 1541 2161 1606 del
2191 1542 2246 1578 ¹³
2291 1541 2565 1624 Zagora,
2631 1562 2664 1606 6
2716 1560 2826 1606 866
2875 1541 3199 1607 carratteri

480 1628 661 1709 parte
706 1627 916 1710 grechi
964 1647 996 1693 6
1043 1630 1217 1711 parte
1263 1628 1506 1711 bulgari
1553 1648 1772 1694 ovvero
1820 1629 2109 1711 persiani.

684 1714 744 1778 A
782 1716 955 1798 tergo
1002 1716 1064 1779 16
1109 1718 1388 1781 mansion
1440 1716 1515 1780 de
1576 1718 1898 1781 carratteri
1965 1716 2181 1798 piccoli
2251 1717 2506 1800 Bulgari
2571 1736 2790 1784 ovvero
2818 1716 2874 1755 ¹⁴
2921 1717 3191 1800 persiani

477 1804 652 1885 parte
698 1803 907 1885 grechi
950 1822 982 1868 6
1020 1805 1196 1886 parte
1242 1803 1630 1868 busdardatti
1679 1805 1762 1868 loi
1790 1804 1847 1843 ¹⁵
1886 1805 2150 1887 bulgari,
2200 1825 2232 1870 6
2279 1807 2458 1870 credo
2494 1807 2545 1845 ¹⁶
2579 1805 2717 1870 dica
2760 1806 2824 1869 al
2871 1806 3193 1870 carissimo

472 1890 532 1954 d.
560 1889 616 1926 ¹⁷
656 1889 909 1955 Andrea
956 1891 1237 1955 Dandolo
1282 1890 1486 1973 dugge
1529 1893 1604 1955 (16
1648 1892 1938 1974 Venegia.

563 1978 756 2040 Codeae
805 1981 1185 2051 Trevisanus,
1231 2000 1273 2042 u
1318 1982 1631 2041 Marciani
1676 1984 1697 2041 i
1742 1984 1948 2061 estate,
1995 1984 2147 2043 kako
2181 1984 2310 2056 pod
2341 1985 2651 2058 prednjim
2694 1984 2930 2057 brOJem.

712 2193 1211 2277 CCCLXVI.
1286 2195 1495 2278 θοὰ.
1552 2195 1778 2280 1352.
1836 2198 1887 2280 6
1943 2195 2404 2297 1181696116,
2458 2220 2518 2278 u
2571 2198 2964 2281 Mletcih.

584 2340 852 2398 Izabran
897 2339 1092 2409 odbor,
1134 2340 1214 2397 da
1255 2341 1483 2400 izviesti
1527 2358 1560 2401 o
1605 2341 1806 2414 nJ'ekih
1852 2342 2082 2399 stvarih
2128 2342 2345 2400 tic'ucih
2388 2358 2450 2400 se
2495 2342 2793 2402 Hrvatske
2839 2345 2862 2401 i
2907 2343 3081 2402 Istre.

692 2473 879 2538 1352.
928 2476 1028 2540 die
1073 2480 1244 2541 sexto
1293 2478 1578 2556 octobris,
1629 2481 1850 2562 capta:
1909 2478 2052 2560 quia
2098 2478 2323 2543 iniurie
2370 2480 2434 2543 et
2480 2480 2707 2543 damna
2754 2479 2929 2544 nobis
2975 2481 3040 2544 et
3085 2497 3193 2544 no-

479 2562 628 2627 stris
676 2561 973 2628 subiectis
1019 2563 1319 2629 hactenus
1367 2566 1546 2630 illata
1587 2569 1651 2631 et
1695 2585 1812 2650 que
1860 2566 2086 2631 cotidie
2126 2566 2501 2630 inferruntur
2548 2586 2656 2650 per
2699 2566 2892 2630 istum
2935 2568 3009 2631 (16
3037 2568 3205 2652 Ray-

473 2651 783 2733 fimburgo
833 2654 897 2716 et
941 2652 1073 2717 6168
1120 2656 1449 2737 6616911668
1496 2672 1742 2719 6111116111
1792 2655 2045 2719 modum
2107 2657 2442 2731 excedunt,
2493 2675 2603 2719 nec
2662 2655 2934 2737 potuerit
2996 2674 3189 2737 usque

471 2757 630 2804 nunc
677 2758 786 2804 seu
834 2739 1117 2805 videatur
1179 2760 1357 2824 posse
1420 2742 1675 2824 reperiri
1734 2743 1952 2807 modus
2014 2742 2426 2826 consequendi
2495 2744 2566 2806 de
2628 2742 2758 2824 ipso
2825 2741 3179 2807 iusticiam:

456 2826 645 2891 ·vadit
688 2845 852 2910 pars,
902 2828 1063 2912 quod
1111 2832 1240 2893 tam
1292 2849 1474 2913 super
1515 2829 1894 2895 novitatibus
1940 2830 2331 2912 presentibus
2379 2830 2583 2908 Istrie,
2633 2831 2698 2894 et
2742 2848 2860 2912 que
2907 2848 3189 2895 occurre-

472 2914 613 2977 rent
655 2913 721 2978 in
767 2916 1080 2998 posterum
1128 2918 1191 2981 et
1237 2917 1399 2997 aliis,
1448 2938 1567 3001 que
1632 2918 1990 3000 spectarent
2051 2919 2149 2982 vel
2209 2918 2620 2999 dependerent
2681 2918 2759 2981 ab
2806 2917 2896 2981 eis
2924 2967 2940 2995 ,
2987 2936 3194 3001 quam

467 3002 663 3065 etiam
708 3021 892 3084 super
938 3003 1122 3068 factis
1171 3004 1512 3083 Sclavenie,
1561 3004 1871 3088 eligantur
1906 3007 2031 3069 tres
2065 3006 2394 3088 869166168,
2444 3005 2546 3087 qui
2594 3005 2743 3070 dent
2789 3004 2965 3071 nobis
3013 3024 3196 3070 suum

468 3088 803 3152 consilium
848 3090 912 3153 in
954 3089 1203 3173 scriptis
1250 3093 1323 3156 de
1369 3093 1509 3168 hiis,
1559 3112 1674 3175 que
1721 3092 2079 3158 viderentur
2140 3092 2512 3174 providenda
2552 3095 2617 3157 et
2664 3092 2946 3158 facienda
2993 3095 3054 3158 in
3102 3094 3195 3157 sa-

470 3176 594 3239 6118
640 3175 935 3257 predictis
983 3178 1047 3242 et
1091 3197 1304 3242 eorum
1350 3179 1630 3262 quolibet
1674 3199 1783 3262 pro
1832 3180 2055 3245 honore
2103 3182 2167 3244 et
2227 3181 2383 3244 bono
2443 3183 2694 3257 nostro,
2744 3199 2887 3245 cum
2939 3200 3201 3263 quorum

474 3261 735 3327 consilio
783 3263 1010 3328 erimus
1056 3265 1176 3344 hic,
1227 3268 1291 3329 et
1333 3268 1460 3344 fiet,
1502 3266 1660 3332 sicut
1708 3268 2037 3345 videbitur,
2080 3268 2144 3331 et
2188 3267 2451 3350 quilibet
2517 3267 2717 3350 possit
2769 3285 2995 3350 ponere
3059 3287 3200 3351 961·-

472 3351 623 3427 tem,
672 3350 737 3414 et
782 3350 1057 3416 habeant
1098 3354 1432 3417 terminum
1476 3374 1587 3437 per
1635 3357 1836 3419 totum
1884 3375 2159 3420 mensem
2204 3357 2571 3436 presentem,
2607 3355 2778 3420 salvo
2826 3357 2988 3438 quod
3020 3375 3202 3439 super

471 3438 858 3502 novitatibus
905 3440 1296 3520 presentibus
1340 3441 1550 3506 Ystrie
1611 3442 1879 3507 babeant
1938 3443 2273 3507 terminum
2340 3461 2532 3525 usque
2578 3442 2743 3508 diem
2793 3443 3014 3508 martis
3062 3461 3199 3527 pro-

472 3525 711 3588 ximum
759 3522 823 3588 in
871 3544 1073 3607 mane,
1123 3547 1243 3610 qua
1286 3529 1382 3593 die
1428 3531 1679 3595 vocetur
1736 3529 1907 3595 istud
1952 3530 2282 3595 consilium
2331 3532 2445 3594 sub
2494 3549 2650 3613 pena
2694 3529 3029 3596 solidorum
3079 3531 3199 3595 XX

468 3630 581 3694 pro
629 3612 927 3693 quolibet,
969 3617 1032 3679 et
1078 3616 1245 3680 omni
1293 3616 1425 3682 vice
1470 3617 1549 3681 ad
1596 3636 1810 3682 eorum
1860 3618 2226 3699 peticionem
2290 3620 2540 3682 vocetur
2584 3619 2698 3684 sub
2763 3619 2977 3683 cadem
3017 3637 3192 3702 pena,

468 3701 533 3764 et
578 3698 736 3764 fiant
779 3720 887 3783 per
932 3703 1059 3767 tres
1108 3722 1326 3768 manus
1371 3704 1764 3769 electionum.

684 3788 882 3853 Eleoti
930 3791 1276 3872 sapientes:
1325 3811 1423 3855 ser
1470 3791 1698 3875 Syrnon
1742 3793 2048 3870 Dandulo,
2099 3812 2197 3857 ser
2243 3792 2490 3857 Marcus
2535 3792 2892 3858 Justiniano
2940 3794 3192 3858 condam

474 3893 575 3939 861·
618 3875 955 3955 Pancracii,
1007 3897 1106 3943 ser
1151 3880 1402 3943 Marcus
1448 3879 1756 3962 Delphino
1804 3879 2001 3945 frater
2043 3880 2487 3963 archiepiscopi
2540 3880 2618 3944 18
2665 3881 2953 3947 octobris

555 3965 736 4025 Misti
771 3966 901 4026 XX
912 3969 1014 4028 VI.
1065 3971 1210 4039 100,
1257 3987 1299 4029 u
1345 3970 1564 4029 arkivu
1613 3970 1971 4031 mletadkom.

611 4179 739 4236 ¹Cio.
778 4182 801 4233 i
838 4180 973 4235 Mar.
1012 4198 1107 4236 nu.
1154 4180 1287 4236 ²Cic.
1328 4181 1350 4234 i
1386 4182 1522 4237 Mar.
1561 4184 1822 4251 nemaju:
1862 4200 1944 4238 eo.
1993 4183 2129 4238 ’016.
2166 4184 2271 4252 joe.
2318 4185 2476 4243 ‘Man
2499 4185 2802 4241 deliberato
2842 4193 2900 4239 et
2937 4187 3198 4241 desidero.

471 4250 625 4303 ‘Man
664 4252 857 4313 avudo,
896 4250 1007 4305 016.
1048 4252 1244 4307 haudo.
1294 4253 1449 4308 ‘Man
1486 4253 1562 4309 fu.
1610 4253 1768 4308 'Man
1808 4259 1975 4308 stato.
2025 4255 2181 4309 'Man
2219 4256 2242 4308 i
2275 4254 2384 4310 016.
2425 4273 2639 4320 6611166.
2684 4257 2768 4312 ’U
2781 4254 2894 4310 016.
2933 4257 3197 4325 rukopisu

459 4319 621 4373 sliedi
658 4320 825 4374 ovako
848 4340 864 4372 :
902 4321 1117 4376 Ancora
1155 4338 1211 4374 se
1249 4323 1297 4375 li
1338 4324 1509 4377 vostri
1550 4324 1886 4379 mercadanti
1925 4341 2081 4379 verra
2120 4326 2304 4380 venire
2343 4343 2439 4396 per
2479 4327 2532 4380 lo
2570 4328 2684 4380 mio
2724 4326 2974 4396 imperio,
3016 4342 3076 4379 ve
3115 4330 3200 4380 111-

461 4392 738 4458 prometto
778 4390 900 4455 itd„
940 4409 975 4443 a
1012 4410 1050 4445 u
1087 4391 1237 4445 Mar.
1276 4393 1539 4462 rukopisu
1562 4412 1579 4445 .·
1617 4395 1831 4450 Ancora
1869 4411 1924 4448 86
1962 4396 2005 4448 11
2043 4397 2215 4450 vostri
2253 4397 2590 4452 mercadanti
2631 4394 2787 4450 vorra
2816 4398 3000 4451 venire
3027 4412 3122 4466 per
3141 4397 3199 4451 lo

460 4460 573 4512 mio
612 4458 844 4528 imperio
882 4477 979 4514 con
1021 4462 1064 4515 li
1104 4462 1224 4516 suoi
1266 4464 1602 4517 mercadanti
1660 4466 1870 4529 (miesco
1930 4465 2341 4534 mercadantie),
2401 4469 2454 4521 lo
2495 4468 2606 4521 mio
2647 4467 2877 4535 imperio
2915 4484 2979 4520 ve
3015 4468 3205 4537 inpro-

459 4530 632 4583 metto
672 4532 772 4583 etc.
840 4529 996 4583 Ι”’01(·.
1034 4547 1329 4600 paravesce.
1379 4532 1534 4587 ι’016
1574 4534 1843 4589 Drenovo.
1899 4534 2086 4588 ¹²Mar.
2125 4551 2285 4589 noma
2319 4554 2480 4606 sveqa
2523 4553 2707 4605 ovoya,
2747 4537 2831 4591 §to
2867 4537 3043 4592 sliedi.
3085 4537 3203 4592 016.

388 4635 393 4638 -
458 4595 740 4680 πεάοηοεί.
763 4599 1015 4668 podffisa,
1054 4618 1189 4671 neyo
1226 4604 1415 4657 miesco
1469 4604 1634 4673 njeya
1669 4605 1871 4673 stavlja
1906 4605 2152 4674 opazku:
2212 4605 2390 4673 Segne
2428 4608 2484 4660 16
2540 4607 2989 4671 sottoscrizione‚
3046 4607 3203 4661 indi:

459 4673 512 4722 te
548 4683 617 4722 za
650 4685 793 4724 ovam
834 4671 1112 4738 nastavlia
1147 4672 1287 4727 kako
1322 4691 1362 4727 u
1399 4673 1592 4728 tekstu.
1640 4672 1794 4729 ¹'Cic.
1830 4675 1914 4729 de.
1962 4674 2119 4729 ¹⁴Cic.
2158 4691 2304 4731 over.
2355 4675 2511 4732 flcio.
2549 4675 2859 4732 bastardati
2905 4679 3007 4732 coi.
3057 4677 3204 4733 ⁸⁸01:-

455 4737 548 4808 dje
586 4738 698 4796 016.
737 4738 998 4809 imajos:
1037 4741 1153 4797 che.
1200 4741 1360 4798 nCic.
1397 4743 1637 4798 domino.
