3620 5282
498 354 586 419 36

497 530 630 595 toto
672 546 852 611 posse
900 527 1236 611 procurabo
1275 530 1551 594 vestrum
1593 530 1950 595 mandatum
2001 529 2080 593 ad
2128 529 2415 596 effectum
2465 531 2781 612 deducere,
2832 536 2893 597 et
2939 532 3229 617 quicquid

498 616 789 695 habuero,
837 615 1075 681 solicite
1121 617 1390 681 dominio
1437 618 1641 682 vestro
1686 618 1976 682 denotare
2023 617 2274 683 curabo.

711 719 935 787 Vester
974 721 1251 786 servulus
1299 722 1363 784 et
1408 719 1605 785 fidelis
1647 723 1929 787 notarius
1977 721 2450 787 Bartholomeus
2498 722 2697 788 Ursio.

708 808 945 873 Datum
992 808 1186 874 Viene
1232 808 1330 874 die
1374 807 1587 874 XVIII
1631 809 1847 894 aprilis
1892 810 2044 875 hora
2091 828 2511 893 vesperarum.

594 934 879 997 lavor-nik
923 952 968 995 u
1015 935 1356 996 mletackom
1400 935 1633 996 arkivu.

884 1179 1286 1263 LXVIII.
1342 1179 1548 1262 God.
1604 1179 1828 1263 1361.
1881 1179 1978 1262 21
2030 1180 2404 1282 trama,
2457 1201 2518 1261 u
2567 1181 2757 1283 Polj
2767 1203 2850 1264 u.

502 1342 791 1420 Ljudevit
833 1344 996 1418 kralj
1038 1343 1368 1418 uyarehrv.
1417 1343 1715 1418 odqovara
1759 1342 2048 1415 republ-ici
2089 1343 2415 1416 meetaekoj,
2457 1343 2538 1402 da
2597 1361 2698 1403 mu
2754 1361 2817 1404 se
2876 1344 3076 1405 nevidi
3123 1363 3241 1420 po-

503 1434 716 1494 trebito
759 1432 948 1494 induti
991 1449 1137 1493 nove
1182 1432 1386 1495 listove
1452 1449 1484 1491 ο
1530 1428 1736 1510 njekih
1781 1430 1991 1489 ίοόΙσαῙι
2058 1448 2318 1505 uyovora
2385 1432 2543 1491 mira
2560 1449 2579 1502 ,·
2646 1449 2687 1490 a
2739 1432 2911 1512 ylcde
2971 1433 3241 1507 tvrcb‘ave

511 1517 853 1598 Casamata,
921 1520 1001 1581 da
1065 1536 1128 1581 sc
1173 1520 1377 1582 nolani
1420 1518 1575 1579 sada
1618 1536 1662 1579 u
1705 1518 1888 1578 vlasti
1932 1519 2132 1577 Karta
2188 1535 2397 1579 cesara
2443 1520 2761 1595 rimskoya,
2829 1524 2884 1581 tc
2927 1521 3009 1580 da
3040 1522 3121 1595 jn
3165 1522 3243 1582 od

1577 1608 1755 1682 njeya
1797 1606 2158 1680 zahtjevay‘u.

709 1749 1079 1834 Exemplum
1129 1748 1533 1832 quarumdam
1577 1745 1903 1811 literarum
1944 1744 2175 1811 domini
2223 1748 2388 1829 regis
2436 1747 2771 1831 Hungarie,
2816 1749 3239 1831 aportatarum

501 1860 611 1927 per
658 1839 1166 1906 Bartholomeum
1216 1836 1398 1902 Ursio
1444 1834 1758 1900 notarium
1806 1835 1975 1899 curie
2020 1852 2130 1918 pro
2167 1834 2560 1916 responsione
2606 1835 2770 1901 facta
2817 1855 2999 1919 super
3055 1854 3242 1920 expo-

502 1927 648 1995 sitis
690 1927 809 1995 sibi
857 1945 965 2009 per
1011 1924 1246 1989 dictum
1293 1922 1823 1988 Bartholomeum.

711 2030 1053 2097 Lodovicus
1091 2027 1192 2093 dei
1239 2028 1444 2112 gratia
1487 2046 1594 2092 rex
1640 2027 1961 2110 Hungarie
2007 2029 2125 2094 etc.
2173 2029 2395 2093 Inclite
2442 2030 2640 2094 amice
2676 2028 3014 2095 carissime.
3078 2029 3235 2094 Bar-

503 2121 847 2188 tholomeus
892 2117 968 2182 de
1014 2116 1198 2181 Ursio
1246 2116 1449 2181 scriba
1492 2118 1696 2181 vester
1746 2115 1920 2180 nobis
1964 2116 2263 2197 quosdam
2322 2117 2436 2182 sub
2499 2114 2823 2182 credencia
2880 2117 3236 2184 litterarum

499 2212 848 2278 vestrarum
884 2206 1228 2289 legaciones
1270 2202 1566 2286 exposuit,
1617 2221 1801 2268 unam
1850 2204 2173 2286 potissime
2221 2224 2405 2287 super
2451 2209 2909 2270 emanacionem
2945 2224 3235 2271 novarum

502 2297 827 2364 literarum
874 2294 1025 2359 certi
1074 2291 1337 2367 tenoris;
1387 2293 1452 2356 et
1497 2292 1758 2356 alteram
1816 2310 1997 2374 super
2041 2294 2438 2359 restitucione
2483 2293 2670 2358 castri
2714 2291 3036 2358 Casemate
3093 2295 3237 2370 etc.,

499 2386 722 2469 quibus
769 2382 998 2448 auditis
1044 2382 1110 2446 et
1155 2379 1484 2463 diligenter
1515 2379 1850 2443 intellectis
1884 2384 2085 2446 vestre
2118 2382 2209 2445 sic
2247 2380 2525 2447 amicicie
2565 2382 3025 2464 respondemuS,
3074 2379 3237 2464 quod

499 2473 678 2540 nobis
725 2473 790 2536 et
835 2469 953 2535 toti
1000 2468 1208 2533 nostro
1254 2464 1506 2533 consilio
1552 2466 1672 2532 fuit
1719 2468 1943 2544 visum,
1993 2469 2156 2550 quod
2198 2468 2427 2549 littere,
2475 2487 2630 2552 quas
2677 2470 2838 2533 inter
2885 2488 2994 2533 nos
3026 2470 3093 2533 et
3134 2486 3239 2534 vos

498 2560 576 2626 de
637 2576 791 2626 novo
851 2557 986 2622 fieri
1045 2555 1279 2638 petitis,
1339 2573 1460 2620 non
1520 2555 1789 2620 debeant
1850 2554 2011 2620 sicut
2071 2556 2492 2622 verisimiliter
2551 2574 2671 2621 non
2719 2559 2969 2639 possent
3004 2558 3237 2640 absque

498 2647 789 2714 scandalo
837 2644 1302 2732 quomodolibet
1344 2645 1641 2709 emanari.
1688 2645 1769 2708 Et
1814 2643 1950 2709 ideo
1996 2644 2237 2711 litteras
2284 2646 2451 2727 ipsas
2498 2664 2616 2711 non
2663 2645 2952 2711 duximus
3008 2645 3239 2711 admit-

498 2737 738 2809 tendas,
783 2735 1053 2802 vestram
1076 2730 1424 2798 amiciciam
1457 2750 1634 2811 nunc,
1680 2731 1847 2795 sicut
1878 2731 2002 2797 alia
2045 2733 2262 2798 fecisse
2295 2733 2642 2812 recolimuS,
2691 2734 2999 2800 instanter
3031 2733 3240 2817 requi-

498 2828 735 2905 rentes,
812 2825 1117 2907 quatenus
1187 2820 1476 2886 obmissis
1546 2820 1897 2885 huiusmodi
1966 2819 2196 2886 litteris
2266 2821 2438 2886 novis
2516 2822 2681 2887 circa
2747 2820 3231 2887 declaracionem

499 2913 675 2978 illius
720 2911 1034 2978 clausule:
1082 2909 1147 2974 et
1186 2927 1218 2975 e
1245 2926 1536 2974 converso
1559 2926 1670 2975 nos
1706 2908 1827 2972 dux
1860 2909 1922 2972 et
1953 2926 2279 2974 commune
2312 2912 2430 2974 etc.
2476 2911 2543 2975 et
2572 2908 3013 2974 imutacionem
3052 2908 3234 2974 istius

496 3000 809 3067 vocabuli:
856 3000 921 3063 et
958 3020 991 3064 e
1035 3015 1347 3075 converso,
1396 3017 1514 3080 qne
1560 2996 1623 3061 in
1670 2996 1977 3079 prioribus
2027 2996 2254 3061 litteris
2305 2998 2545 3078 plenius
2604 2997 2975 3076 continetur,
3024 2996 3236 3061 taliter

497 3087 817 3154 intendere
861 3087 1088 3166 velitis,
1138 3087 1209 3150 ut
1251 3087 1415 3150 sicut
1462 3088 1805 3150 vestrorum
1854 3083 1945 3148 ita
1991 3088 2339 3149 nostrorum
2397 3085 2785 3150 subditorum
2830 3087 2895 3150 et
2956 3083 3232 3150 fidelium

499 3174 979 3242 comoditatibus
1026 3173 1331 3256 equaliter
1392 3171 1801 3255 provideatur.
1878 3171 2074 3253 Super
2135 3191 2203 3237 eo
2267 3192 2425 3251 vere,
2492 3175 2649 3256 quod
2711 3174 2987 3238 castrum
3049 3171 3235 3237 Case-

497 3267 665 3329 mate
710 3261 885 3327 vobis
932 3260 1175 3325 restitui
1203 3260 1434 3341 petitis,
1485 3260 1694 3324 taliter
1739 3260 2119 3342 providimus
2163 3260 2673 3342 respondendum,
2718 3260 2876 3344 quod
2909 3259 3234 3325 decedente

498 3348 835 3417 venerabili
879 3347 1136 3413 Nicolao
1166 3346 1316 3411 olim
1353 3346 1702 3428 patriarcha
1733 3346 2170 3431 aquilegiensis
2217 3366 2476 3430 sequace
2512 3351 2742 3428 nostro,
2791 3367 2972 3432 quem
3021 3348 3233 3430 utique

497 3439 578 3503 ad
644 3438 840 3519 ipsius
900 3437 1090 3500 castri
1156 3433 1641 3512 restitucionem‚
1701 3435 1755 3500 si
1818 3434 2129 3518 hucusque
2188 3436 2462 3515 vixisset,
2523 3437 2698 3501 >iuxta
2759 3435 3019 3500 formam
3068 3434 3233 3516 pacis

499 3523 1040 3608 compulissemus.
1090 3521 1533 3588 Serenissimus
1578 3523 1864 3587 dominus
1912 3522 2183 3589 Karolus
2221 3523 2645 3589 Romanorum
2678 3524 3013 3607 imperator
3041 3521 3235 3587 frater

502 3619 716 3680 noster
763 3611 996 3677 dictum
1046 3611 1320 3675 castrum
1366 3610 1650 3693 reccepit,
1699 3629 1999 3690 asserenS,
2050 3631 2114 3677 se
2161 3612 2222 3676 in
2271 3611 2424 3695 ipso,
2474 3611 2715 3695 quando
2781 3629 2921 3676 eum
2969 3627 3077 3694 pro
3138 3608 3236 3674 sui

501 3700 906 3767 restitucione
950 3698 1318 3781 requisitum
1365 3698 1717 3777 habuimu8‚
1765 3699 1918 3763 illud
1989 3700 2085 3764 ius
2127 3700 2371 3778 habere,
2434 3699 2595 3783 quod
2657 3699 2847 3764 habet
2906 3699 2969 3764 in
3029 3696 3235 3763 muni-

499 3789 778 3856 cionibus
828 3787 1023 3853 Feltri
1070 3788 1133 3851 et
1178 3786 1459 3863 Belluni3
1510 3805 1626 3868 quo
1672 3788 1836 3852 circa
1880 3805 2175 3870 rogamus
2214 3790 2485 3853 vestram
2531 3787 2879 3854 amiciciam
2925 3784 3233 3851 instancia

497 3896 684 3963 quam
732 3894 938 3961 supra,
987 3877 1288 3958 quatenus
1335 3892 1443 3939 nos
1489 3873 1566 3939 de
1611 3876 1813 3939 cetero
1861 3892 2044 3957 super
2087 3875 2486 3941 restitucione
2530 3875 2685 3940 dicti
2731 3874 2921 3940 castri
2968 3893 3088 3939 non
3134 3892 3234 3937 re-

497 3965 780 4050 quiratis,
846 3963 1170 4049 presertim
1216 3980 1358 4027 cum
1405 3981 1512 4027 nec
1558 3961 1795 4027 dictum
1845 3961 2164 4027 dominum
2227 3963 2663 4045 imperatorem
2726 3962 3054 4045 possimus,
3118 3979 3229 4025 nec

497 4054 864 4121 modernum
904 4051 1320 4136 patriarcham
1387 4050 1716 4115 debeamus
1776 4051 1852 4115 ad
1898 4049 2162 4132 prefacti
2218 4052 2410 4116 castri
2472 4051 2935 4117 restitucionem
2994 4049 3232 4132 aliqua·

496 4140 647 4206 liter
694 4144 995 4206 coartare.
1044 4136 1333 4203 Ceterum
1375 4155 1558 4220 super
1604 4138 1744 4202 aliis
1791 4138 2021 4204 vestris
2062 4137 2487 4222 legacionibus
2545 4138 2856 4221 prefactus
2903 4137 3229 4202 Bartholo-

498 4245 675 4294 meus
735 4229 940 4293 veniet
998 4227 1070 4291 ad
1133 4243 1243 4291 vos
1303 4224 1379 4289 de
1428 4225 1822 4308 responsione
1870 4228 2083 4292 nostra
2113 4226 2517 4292 sufficientius
2551 4224 2943 4292 informatus.
2985 4223 3225 4291 Datum

498 4312 562 4377 in
609 4314 815 4379 Polios
862 4315 921 4379 di
967 4314 1116 4378 XXI
1165 4311 1394 4378 mensis
1442 4312 1675 4395 aprilis,
1724 4332 1883 4379 anno
1929 4315 2089 4379 LXI.
2138 4315 2220 4380 Et
2261 4333 2446 4398 snper
2482 4315 2820 4398 scripcione
2890 4315 2987 4379 est
3032 4312 3229 4393 scrip-

499 4400 636 4463 tum
683 4399 1005 4477 videlicet;
1074 4401 1289 4467 inclito
1333 4401 1582 4467 domino
1634 4401 1905 4467 Johanni
1966 4400 2298 4486 Delphyne
2359 4402 2501 4468 duci
2546 4402 2954 4468 veneciarum
3024 4401 3224 4466 amico

497 4487 707 4585 nostro
766 4488 1122 4564 carissimo;
1183 4490 1248 4553 et
1306 4491 1471 4569 nota,
1533 4490 1694 4572 quod
1756 4491 1909 4573 aput
1969 4490 2239 4556 similem
2305 4490 2571 4575 legitur:
2634 4490 2989 4557 commissio
3051 4487 3217 4573 regis

498 4589 768 4656 propria·

588 4695 1158 4763 commmoriazium
1212 4700 1302 4763 V1
1348 4699 1498 4775 111,
1542 4720 1587 4763 u
1629 4701 1784 4765 mlet.
1831 4703 2065 4766 arkivu.
