3620 5282
2966 354 3087 419 101

612 526 1165 612 CLXXXVII.
1225 528 1432 612 God.
1486 530 1703 612 1372.
1759 527 1855 611 15
1909 529 2285 631 svibnjaeu
2344 552 2399 612 ιι
2453 528 2841 611 Mletcih.

743 651 1038 729 Dopusaea·
1078 673 1139 716 se
1186 657 1375 716 knezu
1420 657 1699 716 krekomn
1742 656 1969 725 Nikon,
2016 657 2097 715 aa
2140 657 2311 730 010410
2355 675 2398 716 u
2445 657 2688 718 mette.

568 757 759 824 1372.
808 757 908 823 die
962 759 1080 824 XV
1123 758 1299 823 maii.
1349 757 1576 842 Capta:
1621 760 1782 841 quod
1826 758 1905 823 ad
1939 757 2312 824 instanciam
2345 762 2699 824 nostrorum
2731 758 3092 824 officialium

355 846 662 910 rationum
730 844 1099 910 concedatur
1160 846 1416 911 licencia
1484 845 1679 911 nobili
1748 845 1882 911 viro
1951 844 2213 911 Nicolao
2276 846 2489 911 comiti
2553 846 2864 928 veglensi,
2932 846 3092 929 quod

356 932 557 1015 possit.
604 932 810 998 venire
856 932 1157 998 Venecias
1202 951 1315 1016 per
1360 933 1707 1015 quindecim
1755 932 1892 997 dies
1939 950 2049 1015 pro
2083 933 2397 1018 aliquibus
2429 934 2857 1017 spectantibus
2888 933 3094 998 officio

345 1020 705 1093 nostrorum
752 1020 1108 1085 officialium
1152 1020 1586 1103 predictorum.
1657 1020 1740 1084 Et
1778 1020 2088 1085 scribatur
2148 1021 2470 1104 capitaneo
2531 1020 2742 1087 nostro
2787 1021 3093 1103 Tergesti,

357 1107 519 1190 quod
566 1108 683 1172 hoc
729 1109 929 1172 eidem
976 1107 1235 1172 Nicolao
1282 1108 1579 1173 notificet.

442 1198 624 1258 misti
673 1197 968 1258 XXXIV
1012 1200 1069 1268 6,
1113 1216 1154 1257 ιι
1198 1198 1354 1259 mlet.
1398 1200 1630 1258 arkivu.

591 1386 1204 1468 clixxxvm.
1260 1386 1466 1469 sou.
1522 1386 1735 1469 1372.
1789 1387 1888 1469 22
1941 1388 2310 1489 svium,
2361 1411 2420 1470 u
2477 1386 2865 1469 motem.
2948 1338 2949 1341 ’

569 1524 726 1591 Cum
773 1526 1023 1609 quidam
1067 1527 1343 1592 Venetus
1390 1528 1637 1592 Marcus
1679 1525 2043 1592 Conzanano
2112 1529 2331 1609 captus
2397 1528 2461 1591 et
2521 1524 2847 1591 derobatus
2910 1523 3097 1590 fuerit

354 1634 392 1679 a
441 1615 714 1696 quodam
761 1615 1037 1679 Derchae
1086 1615 1367 1695 Raguseo
1414 1614 1478 1678 in
1528 1614 1823 1692 Narento,
1891 1614 2241 1696 respublica
2301 1617 2518 1679 veneta
2580 1611 2842 1696 requirit
2901 1631 2937 1675 a
3003 1631 3097 1676 re-

353 1701 588 1785 gimine
650 1700 931 1784 Ragusii‚
1000 1700 1159 1785 quod
1227 1702 1560 1783 compellat
1619 1720 1798 1767 suum
1863 1702 2067 1766 civem
2130 1703 2205 1765 ad
2271 1701 2757 1766 satisfactionem
2823 1701 3094 1763 taxatam

351 1789 515 1872 apud
563 1787 858 1853 officiales
906 1790 1155 1853 venetos
1195 1789 1256 1853 in
1303 1789 1482 1853 libris
1531 1789 1758 1853 LXXX
1804 1806 2187 1873 grossorum,
2229 1790 2391 1872 apud
2437 1806 2589 1870 quos
2632 1786 2925 1851 officiales
2974 1786 3093 1850 fuit

354 1877 431 1941 de
476 1875 911 1958 antiquissimo
958 1878 1021 1940 et
1067 1895 1309 1958 semper
1354 1876 1675 1941 observato
1746 1895 1912 1940 more
1986 1876 2263 1957 probatio
2332 1876 2699 1940 damnorum
2770 1874 3093 1939 illatorum

354 1963 609 2028 Venetis
656 1961 948 2039 subditis,
997 1963 1271 2046 alioquin
1317 1981 1426 2046 pro
1474 1964 1879 2028 indemnitate
1929 1963 2204 2046 ipsorum
2264 1963 2491 2030 civium
2539 1964 2768 2044 absque
2814 1958 2937 2027 alia
3001 1977 3096 2025 re·

356 2051 685 2135 quisitione
729 2049 1097 2133 providebit.

447 2141 628 2201 Misti
677 2140 972 2201 XXXIV
1016 2143 1074 2211 9,
1119 2158 1161 2201 u
1202 2141 1356 2201 mlet.
1406 2141 1640 2200 arkivu.

623 2329 1150 2412 CLXXXIX.
1203 2326 1408 2411 God.
1464 2328 1679 2411 1372.
1734 2328 1837 2411 28
1890 2329 2255 2431 svibn1a‚
2311 2349 2371 2409 ιι
2427 2325 2819 2410 Mletcih.
2936 2382 2945 2387 -
3006 2324 3023 2337 “

566 2456 888 2530 υοιυουεη
931 2456 1077 2516 broa
1120 2457 1310 2516 remu
1355 2456 1633 2515 krekomu
1682 2456 1996 2533 Stjepanu,
2043 2456 2125 2515 aa
2163 2472 2247 2530 qa
2279 2469 2527 2529 μευ...
2563 2469 2607 2512 u
2650 2452 2893 2512 meme.

574 2574 744 2639 1372
791 2574 891 2639 die
938 2575 1042 2640 28.
1087 2574 1318 2640 mensis
1367 2575 1536 2639 maii.
1587 2574 1818 2658 Capta:
1866 2576 2010 2659 quia
2044 2576 2330 2660 egregius
2370 2575 2463 2639 vir
2506 2591 2712 2638 comes
2745 2570 3092 2655 Stephanus

358 2664 574 2747 Vegle,
625 2664 936 2729 Modrusie
983 2666 1049 2727 et
1093 2663 1290 2728 Gerth
1337 2663 1796 2746 supplicaverit,
1846 2664 2003 2745 quod
2066 2683 2205 2730 cum
2270 2662 2354 2727 sit
2416 2663 2718 2727 venturus
2766 2659 3090 2738 veneciae,

355 2752 498 2816 inde
542 2751 840 2828 Paduam,
889 2750 1164 2833 placeret
1212 2751 1385 2816 nobis
1431 2750 1762 2815 concedere
1809 2750 1925 2815 sibi
1977 2770 2164 2815 unum
2236 2751 2311 2815 de
2380 2750 2570 2832 lignis
2638 2748 2864 2832 riperie
2906 2746 3091 2812 Istrie
3175 2801 3186 2832 ,

356 2839 510 2905 bene
561 2839 871 2916 fulcitum,
924 2837 1094 2903 vadit
1139 2857 1298 2921 pars,
1348 2838 1751 2914 considerato,
1800 2839 1960 2920 quod
2009 2841 2105 2902 est
2151 2838 2302 2902 civis
2360 2838 2569 2901 noster
2615 2837 2678 2899 et
2738 2834 2897 2918 quod
2957 2834 3089 2916 ipse

356 2929 421 2990 et
471 2927 886 3008 progenitores
930 2927 1026 2990 sui
1073 2945 1315 3008 semper
1354 2925 1599 2990 fuerunt
1659 2926 2042 2991 devotissimi
2102 2925 2294 2989 nostri
2354 2922 2633 3000 dominii,
2691 2922 2850 3005 quod
2921 2939 3091 2986 com-

354 3013 674 3097 placeatur
739 3014 953 3078 comiti
997 3012 1209 3097 Signie
1272 3014 1346 3078 de
1401 3013 1785 3077 concedendo
1844 3033 2036 3078 unum
2083 3012 2158 3075 de
2205 3012 2390 3076 dictis
2435 3009 2627 3093 lignis
2675 3009 3093 3092 suprascripto

355 3101 576 3167 comiti
623 3102 936 3165 occasione
984 3102 1278 3184 predicta.

447 3192 629 3250 Misti
674 3190 965 3251 XXXIV
1015 3194 1114 3260 11,
1161 3210 1204 3250 u
1247 3192 1403 3252 mlet.
1452 3193 1688 3252 arkivu.

797 3347 1033 3462 cxc.
1090 3378 1292 3461 sou.
1349 3380 1566 3463 1372.
1624 3379 1729 3463 ss
1781 3378 2095 3481 npnsa,
2145 3400 2204 3459 u
2261 3375 2649 3460 motem.

574 3520 650 3585 A.
686 3518 873 3595 1372,
902 3519 1025 3583 ind.
1053 3519 1130 3594 X,
1157 3519 1257 3582 die
1283 3518 1366 3582 28
1392 3518 1566 3583 iunii.
1603 3518 1925 3601 Sapientes
1951 3516 2257 3581 ordinum.
2287 3514 2513 3598 Capta:
2559 3514 2756 3598 „quod
2783 3516 3093 3582 scribatur

350 3608 676 3690 capitaneo
724 3605 998 3689 culphi“,
1045 3608 1116 3669 ut
1172 3611 1496 3686 „procuret
1540 3606 1769 3671 habere
1810 3606 2135 3670 emendam
2182 3607 2246 3669 et
2288 3603 2778 3668 satisfactionem
2811 3604 3088 3680 damni“,

353 3695 511 3776 quod
561 3695 891 3759 secundum
941 3693 1186 3757 litteras
1236 3693 1543 3757 Francisci
1595 3692 1839 3769 Ruziui,
1890 3691 2156 3756 consulis
2189 3691 2391 3756 veneti
2436 3688 2645 3755 Catari
2694 3690 2941 3755 illatum
2996 3692 3093 3755 est

352 3782 473 3866 civi
521 3784 739 3848 veneto
789 3781 1033 3864 Filippo
1078 3779 1311 3844 Barelli
1367 3801 1510 3863 „per
1542 3784 1758 3864 gentes
1801 3779 2018 3844 Nicole
2067 3779 2385 3861 Zupani“;
2436 3796 2612 3842 secus
2664 3776 3091 3856 „intromittat

353 3868 586 3934 dictum
637 3868 918 3935 Nicolam
969 3868 1034 3932 et
1079 3868 1209 3932 eius
1255 3868 1555 3946 subdit08‚
1604 3867 2057 3933 damnificando
2104 3867 2295 3931 etiam
2342 3863 2589 3949 navigia
2639 3866 2705 3928 et
2743 3865 2879 3929 loca
2911 3866 3084 3928 sua.“

438 3959 620 4021 Misti
669 3955 963 4019 XXXIV
1011 3960 1111 4035 16,
1154 3976 1196 4017 u
1241 3959 1398 4018 mlet.
1446 3959 1678 4017 arkivu.

784 4144 1066 4229 cxcl.
1123 4146 1330 4229 God.
1385 4145 1603 4230 1372.
1659 4144 1708 4228 5
1762 4147 2091 4248 srpn1a‚
2143 4167 2203 4227 ιι
2258 4142 2648 4226 Mletcih.

560 4285 866 4351 Scribitur
931 4287 1007 4351 ad
1080 4288 1476 4368 capitaneum
1548 4285 1778 4368 culphi,
1853 4288 1924 4350 ut
1995 4285 2252 4348 inducat
2294 4282 2453 4357 illos,
2527 4279 2634 4361 qui
2681 4280 2758 4344 ab
2806 4278 3092 4344 Avalona

348 4374 587 4439 reducti
633 4377 782 4439 sunt
819 4376 895 4440 ad
942 4374 1228 4452 Samum,
1277 4375 1438 4456 quod
1496 4394 1561 4438 se
1624 4373 1945 4438 conferant
1989 4373 2065 4437 ad
2108 4371 2241 4435 loca
2288 4368 2570 4434 Mothoni
2617 4385 2650 4431 e
2709 4365 2950 4445 Coroni,
3017 4368 3082 4431 et

348 4462 434 4526 ibi
494 4453 811 4539 habiten't3
870 4465 933 4525 et
993 4461 1047 4525 si
1109 4463 1221 4526 hoc
1283 4461 1479 4526 facere
1542 4464 1918 4537 recusarent,
1985 4457 2338 4542 permittat,
2399 4454 2559 4537 quod
2622 4456 2982 4552 remaneant
3018 4454 3081 4517 in

337 4549 566 4625 Sasno,
615 4553 681 4613 et
725 4549 854 4613 sint
899 4568 1005 4630 per
1051 4551 1343 4631 quattuor
1389 4566 1581 4612 annos
1629 4547 1871 4613 franchi
1918 4548 1995 4611 ab
2033 4544 2202 4611 omni
2249 4541 2659 4625 impositione,
2717 4539 2827 4606 sed
2869 4543 3082 4623 Jurent

348 4635 719 4701 fidelitatem
766 4639 989 4700 veneto
1035 4636 1332 4700 dominic.

439 4727 623 4787 Misti
674 4725 975 4787 XXXIV
1016 4729 1116 4797 18,
1160 4744 1210 4828 tf
1250 4726 1405 4787 mlet.
1453 4726 1691 4785 arkivu.
