3620 5282
3043 371 3128 437 79

394 545 641 628 aliquod
689 545 1121 625 persentimuS,
1168 544 1332 626 qnod
1379 544 1522 609 hinc
1569 542 1709 607 ind'e
1750 547 1961 627 posset
1985 545 2182 609 ullum
2221 563 2535 610 rancorem
2571 544 2861 621 indicare,
2910 547 3128 611 statim

395 637 598 697 vestre
645 631 1001 696 celsitudini
1048 632 1358 711 denotare,
1407 652 1526 714 que
1571 651 1684 696 sua
1726 633 2109 714 providentia
2154 651 2401 715 semper
2446 634 2765 696 consuevit
2822 651 3129 715 apponere

398 719 738 784 remedium
790 720 1078 784 salutare.
1126 721 1207 784 Et
1251 739 1438 802 quare
1484 720 1905 784 intelleximus
1954 720 2194 784 noviter
2259 722 2321 784 in
2380 720 2571 784 dictis
2631 720 2916 802 partibus
2980 723 3131 786 Dal-

397 807 586 871 matis
634 808 1105 890 proclamatum,
1180 809 1341 890 quod
1383 808 1556 872 nulla
1617 808 1866 890 navigia
1920 826 2061 871 cnm
2124 809 2256 873 sale
2320 807 2556 872 intrent
2613 808 2855 891 aliquos
2918 816 3131 891 portus

397 899 633 959 vestros
679 895 795 959 sub
844 914 999 977 pena
1046 895 1309 959 incendii
1362 914 1756 977 personarum
1805 898 1868 958 et
1916 896 2323 979 navigiorum.
2390 894 2519 974 Qne
2583 896 2826 978 quidem
2892 897 3134 979 procla-

403 982 626 1060 matio;
677 983 766 1047 sic
803 982 1240 1048 universaliter
1283 984 1467 1065 prout
1510 984 1690 1047 sonat
1734 987 2007 1065 accepta,
2057 986 2262 1065 posset
2306 983 2563 1047 dubium
2590 983 2687 1047 vel
2734 984 3131 1064 preiudicium

405 1089 696 1154 generare
742 1071 970 1135 nostris
1016 1069 1303 1135 fidelibus
1343 1072 1408 1135 et
1452 1071 1717 1153 navigiis
1764 1088 1997 1148 eorum,
2048 1072 2150 1152 qui
2180 1089 2306 1151 per
2350 1070 2602 1134 fortiam
2644 1071 2813 1153 pacis
2857 1072 2945 1135 ire
2992 1091 3135 1155 pos-

400 1160 565 1236 sunt,
622 1160 687 1222 et
731 1178 973 1240 semper
1017 1160 1463 1223 consueverunt
1518 1160 1682 1222 stare
1746 1161 1812 1222 et
1870 1159 2149 1223 recedere
2210 1158 2401 1222 libere
2462 1157 2594 1222 siue
2662 1158 3133 1241 impedimento,

402 1245 563 1328 quod
620 1246 789 1310 nullo
856 1245 1036 1311 modo
1095 1247 1400 1310 credimus
1466 1264 1601 1309 esse
1668 1244 1743 1308 de
1806 1248 2012 1310 mente
2073 1246 2419 1309 maiestatis
2475 1247 2696 1322 vestre,
2760 1265 2799 1309 a
2846 1265 2966 1329 qua
3011 1247 3133 1312 nisi

401 1332 752 1411 honestum,
803 1334 1034 1398 iustum
1082 1335 1145 1397 et
1190 1338 1473 1398 sanctum
1522 1336 1620 1397 est
1666 1333 1919 1397 solitum
1969 1350 2276 1396 emanare.
2326 1333 2468 1397 ldeo
2517 1335 2784 1396 vestram
2834 1334 3135 1399 excellen-

403 1421 558 1485 tiam
608 1439 953 1499 exoramus,
1001 1423 1302 1503 quatenns
1349 1439 1533 1501 super
1579 1420 1694 1484 hoc
1740 1419 2035 1504 dignetur
2078 1421 2167 1484 sic
2199 1424 2496 1503 oportuno
2527 1422 2591 1483 et
2620 1420 2823 1485 salubi
2858 1422 3131 1487 remedio

404 1508 741 1590 providere,
791 1510 946 1591 quod
995 1529 1066 1572 ex
1113 1509 1228 1572 hoc
1274 1508 1499 1572 nostris
1541 1508 1806 1591 navigiis
1869 1510 1933 1572 et
2002 1507 2288 1572 fidelibus
2352 1507 2521 1571 nulla
2583 1509 2819 1572 novitas
2879 1508 2978 1573 vel
3038 1510 3135 1574 in-

405 1596 562 1661 iuria
609 1596 1039 1677 subsequatur,
1109 1594 1217 1660 sed
1280 1595 1444 1677 quod
1506 1597 1855 1660 tractentur
1917 1613 2086 1659 more
2149 1596 2335 1660 solito
2398 1594 2663 1658 dulciter
2724 1598 2789 1659 et
2854 1597 3132 1679 benigne,

406 1684 734 1748 dummodo
783 1701 904 1747 non
949 1682 1393 1747 contrafaciant
1442 1683 1714 1765 antiquis
1781 1681 2104 1747 ordinibus
2168 1687 2231 1747 et
2290 1682 2838 1746 consuetudinibus
2902 1685 3130 1749 vestris

408 1772 572 1835 sicut
619 1772 1000 1836 servavimus
1053 1773 1117 1835 et
1166 1789 1413 1835 servare
1475 1769 1854 1834 intendimus
1918 1789 2064 1853 erga
2121 1772 2378 1848 vestros,
2441 1770 2720 1850 dispositi
2783 1771 2845 1834 in
2914 1770 3011 1835 his
3072 1773 3136 1835 et
3224 1792 3229 1795 “

405 1858 690 1923 omnibus
738 1859 876 1922 aliis
927 1877 1140 1942 pacem
1204 1857 1591 1941 integraliter
1652 1859 1996 1936 observare,
2058 1861 2333 1922 tenentes
2397 1856 2677 1935 firmiter,
2744 1859 2907 1940 quod
2976 1859 3132 1923 illud

406 1945 569 2011 idem
621 1944 752 2010 fieri
796 1945 1020 2011 debeat
1065 1950 1240 2030 parte
1273 1949 1498 2024 vestra,
1541 1965 1727 2029 super
1755 1946 1980 2028 quibus
2014 1948 2407 2028 expectamus
2431 1947 2674 2027 gratam
2707 1948 3129 2027 responsivam

410 2036 681 2099 vestram
733 2053 838 2115 per
862 2035 1240 2116 presentium
1281 2034 1647 2116 partitorem
1717 2036 1881 2098 Data
1918 2033 2169 2098 XXIIII
2204 2032 2491 2109 ianuarii,
2534 2033 2719 2097 tertie
2757 2033 3131 2099 indictionis.

560 2122 941 2272 tReplicata
987 2123 1083 2186 die
1131 2121 1373 2187 XXVII
1418 2121 1679 2186 ianuarii
1720 2141 1829 2204 per
1876 2140 2065 2186 unum
2127 2121 2325 2185 alium
2394 2138 2724 2200 cursorem,
2795 2120 2898 2202 qui
2964 2121 3134 2186 venit

407 2227 516 2291 per
590 2228 818 2275 erram.

494 2299 735 2360 Secreta
778 2300 1013 2361 consilii
1054 2303 1412 2375 roqatorum,
1458 2317 1501 2358 u
1545 2299 1703 2362 mlet.
1751 2299 1986 2361 arkivu.

737 2434 1182 2554 cxxxvi.
1237 2470 1443 2553 eoa.
1498 2471 1726 2557 1365.
1781 2469 1831 2552 5
1879 2469 2238 2573 venaco,
2293 2493 2351 2553 ιι
2404 2472 2798 2558 Mleteih.
2888 2442 2891 2444 ’

408 2596 637 2658 Ναῑαὶε
695 2613 758 2657 se
814 2598 1133 2658 nacezniku
1188 2599 1594 2672 poreesskomu,
1661 2596 1817 2657 nelca
1861 2599 2042 2657 umah
2085 2599 2315 2658 izviesti
2354 2616 2387 2657 ο
2431 2599 2801 2659 raznoseccm
2841 2615 2903 2658 se
2942 2598 3136 2674 yla-su,

405 2685 488 2745 da
528 2703 603 2745 su
648 2687 819 2745 detiri
859 2687 1137 2746 hrvatske
1194 2687 1377 2761 ραῑϋε
1416 2704 1459 2745 u
1505 2687 1771 2760 Rovinju
1816 2687 2035 2759 napata
2065 2687 2256 2760 jedan
2302 2688 2576 2746 mletacki
2620 2687 2765 2746 brod
2809 2689 2833 2745 i
2878 2688 3135 2759 osvojile.

620 2790 924 2855 Potestati
980 2789 1275 2853 Parentii.
1325 2789 1678 2853 Habuimus
1723 2809 1918 2873 nuper
1964 2807 2137 2866 nova,
2188 2789 2348 2871 quod
2402 2791 2665 2871 quatuor
2722 2789 2897 2873 galee
2966 2788 3137 2854 Scla—
3210 2839 3245 2862 ν

409 2895 622 2942 vorum
675 2878 953 2941 exierunt
1000 2879 1234 2942 armate
1283 2878 1355 2941 de
1400 2877 1610 2956 Jadra,
1660 2879 1724 2941 et
1769 2878 2082 2941 venientes
2128 2896 2342 2940 versus
2404 2882 2601 2940 terras
2642 2879 2885 2940 nostras
2932 2875 3134 2955 Istrie,

407 2967 913 3046 expugnaverunt
957 2966 1019 3029 in
1065 2968 1244 3046 portu
1293 2964 1524 3030 Rubini
1572 2967 1903 3047 quamdam
1950 2966 2222 3028 nostram
2259 2964 2486 3040 navim,
2535 2966 2610 3028 de
2642 2983 2759 3046 qno
2798 2965 3133 3028 maximam

408 3052 828 3116 turbationem
892 3052 1253 3135 recepimuS,
1318 3053 1478 3117 sicut
1547 3054 1769 3118 merito
1833 3070 2161 3134 possumus
2224 3053 2287 3115 et
2347 3051 2665 3130 debemus,
2733 3054 2798 3116 et
2865 3052 3025 3133 quod
3074 3052 3135 3115 in

413 3139 710 3204 Parencio
757 3159 967 3205 omnes
1017 3143 1193 3204 erant
1237 3139 1315 3203 ad
1363 3158 1535 3204 arma
1586 3143 1650 3204 et
1703 3137 2066 3222 pulsabatur
2110 3157 2412 3221 campana
2476 3139 2552 3202 ad
2616 3139 3008 3212 martellum;
3075 3140 3140 3203 et

409 3246 597 3308 quare
643 3247 825 3309 super
870 3229 1077 3292 omnia
1123 3229 1222 3292 est
1267 3228 1443 3292 nobis
1479 3229 1644 3293 cordi
1692 3230 1849 3291 scire
1910 3227 2261 3291 claritatem
2310 3228 2374 3290 et
2418 3226 2781 3290 firmitatem
2830 3225 3133 3291 dictorum

410 3333 705 3379 novorum
753 3318 817 3378 et
877 3315 1176 3380 novitatis
1239 3333 1510 3393 occurso,
1578 3317 1942 3381 mandamus
2003 3314 2290 3379 fidelitati
2358 3317 2574 3391 vestre,
2632 3317 2934 3396 quatenns
2998 3314 3138 3377 sitis

409 3403 635 3466 soliciti
677 3404 740 3465 et
779 3403 1007 3466 attenti
1059 3422 1166 3485 per
1213 3420 1455 3467 omnem
1508 3404 1755 3467 modum
1799 3402 2157 3485 possibilem
2208 3402 2283 3466 ad
2317 3402 2819 3485 persentiendum
2855 3400 3137 3466 celeriter

408 3489 486 3554 de
529 3490 805 3553 novitate
851 3491 1124 3570 predicta
1170 3492 1235 3554 et
1279 3490 1420 3554 aliis
1479 3493 1670 3566 noviS,
1721 3510 1838 3574 que
1884 3490 2113 3553 sentire
2176 3489 2492 3573 poteritis;
2555 3492 2619 3554 et
2679 3491 2969 3572 quicquid
3032 3490 3138 3553 ha·

412 3577 690 3655 bueritiS,
764 3578 942 3640 nobis
1012 3578 1306 3643 velociter
1370 3579 1676 3642 denotetis
1739 3597 1845 3659 per
1910 3579 2230 3658 patronum
2300 3578 2521 3643 barche
2586 3578 2906 3659 presentis,
2955 3596 3134 3659 quem

410 3664 558 3730 illuc
621 3665 933 3728 mittimus
979 3667 1293 3729 occasione
1360 3666 1655 3747 predicta,
1720 3665 2020 3729 habentes
2089 3669 2153 3728 et
2217 3664 2425 3729 haberi
2490 3664 2784 3730 facientes
2847 3663 2923 3728 de
2988 3663 3138 3728 locis

411 3752 585 3817 vobis
632 3751 978 3817 commissis
1026 3752 1250 3817 bonam
1301 3756 1363 3815 et
1409 3753 1771 3852 diligentem
1803 3753 2146 3817 custodiam
2197 3757 2384 3834 atque
2415 3771 2625 3818 curam
2676 3753 2774 3816 die
2808 3755 3140 3833 noctuque,

414 3839 502 3903 ita
550 3841 709 3922 quod
767 3842 1073 3905 mediante
1138 3842 1342 3904 vestra
1412 3841 1757 3929 provisione
1826 3840 2153 3904 sinistrum
2224 3840 2467 3921 aliquod
2542 3842 2804 3921 nequeat
2871 3839 3137 3902 evenire.

415 3927 575 3992 Data
623 3929 719 3990 die
767 3927 822 3990 V
858 3927 1168 4004 februarii,
1214 3927 1397 3991 tertie
1444 3921 1821 3992 indictionis.

621 4014 862 4080 Similis
908 4016 1122 4080 comiti
1172 4015 1321 4079 Pole
1372 4017 1438 4077 et
1486 4015 1719 4079 Victori
1769 4014 1982 4080 Pisani
2033 4014 2329 4097 provisori
2379 4015 2630 4079 ibidem.

497 4102 734 4163 Secreta
779 4108 1017 4165 consilii
1058 4110 1416 4185 royatorum,
1461 4125 1501 4165 u
1546 4107 1703 4168 mlet.
1751 4107 1988 4169 arkivu.

702 4259 1215 4342 cxxxvii
1272 4260 1479 4342 eod.
1533 4259 1758 4344 1365.
1813 4261 1864 4342 a
1918 4260 2278 4362 venaco,
2333 4283 2391 4343 ιι
2445 4261 2834 4343 merom.

418 4384 698 4457 Upucsuju
742 4403 805 4445 se
847 4387 1143 4459 poslanici
1188 4387 1446 4447 odlazedi
1489 4388 1528 4446 k
1572 4387 1804 4460 vojvodi
1849 4390 2301 4461 auserijskomu,
2365 4389 2521 4447 nelca
2560 4406 2641 4462 qa
2694 4388 2987 4465 priklone,
3057 4388 3139 4448 da

724 4475 1068 4548 posrieduje
1112 4476 1228 4533 mir
1271 4476 1425 4548 medj
1468 4476 1625 4536 mle&
1671 4476 2035 4547 republilcom
2082 4477 2105 4534 i
2150 4493 2349 4551 aym.—
2327 4476 2483 4537 —h.rv
2532 4475 2799 4546 kraljem.

616 4574 984 4640 commissio
1033 4577 1331 4641 nobilium
1385 4576 1661 4641 vivorum
1713 4576 1909 4639 Marci
1956 4576 2313 4641 Justiniano
2380 4579 2446 4640 et
2492 4578 2889 4652 Pantaleonis
2938 4578 3142 4643 Barbo

402 4662 903 4728 ambaxatoribus
951 4664 1029 4727 ad
1078 4666 1393 4729 domiuum
1442 4666 1663 4729 ducem
1696 4662 1974 4728 Austrie.
2026 4664 2154 4728 Nos
2185 4664 2551 4729 Laurentius
2585 4662 2751 4729 Celsi
2783 4669 2900 4732 etc.
2951 4665 3139 4731 Com-

404 4749 715 4815 mittimns
763 4753 937 4817 vobis
984 4756 1100 4816 etc.
