3620 5282
526 370 607 436 10

520 549 617 614 vel
657 547 913 614 heredes
950 548 1016 612 et
1060 565 1459 623 successores,
1508 548 1656 611 tunc
1727 548 1809 610 s1t
1868 546 2153 611 revocata
2196 546 2362 611 dicta
2411 545 2676 627 provisio
2719 546 2782 610 in
2829 547 3067 622 toturn3
3101 547 3169 610 et
3200 545 3258 610 si

472 678 477 685 ·
518 635 845 700 consilium
895 636 1010 699 etc.
1044 635 1140 699 14.
1188 632 1646 716 —Sapientes:
1676 632 2061 715 Superantio,
2089 634 2309 697 Barbo.
2337 631 2496 711 Quia
2542 635 2824 698 convenit
2876 652 2984 716 pro
3029 636 3257 699 honore

527 724 709 787 huius
755 722 1029 798 dominii,
1076 721 1477 786 consideratis
1525 721 1768 784 damnis
1810 721 2074 802 receptis
2121 740 2229 802 per
2271 741 2368 785 ser
2426 721 2773 786 ‚Iohannem
2822 720 3089 805 Georgio
3151 739 3256 786 co·

517 811 735 875 mitem
775 809 1031 875 Curzole
1078 813 1142 873 et
1178 811 1443 873 aliarum
1512 809 1874 885 insularum,
1923 809 1998 872 de
2045 809 2266 891 quibus
2312 807 2520 884 exivit,
2570 812 2640 873 ut
2679 811 2901 873 notum
2949 811 3062 887 est,
3111 827 3253 891 pro-

517 898 725 963 videre
772 897 894 962 sibi
966 917 1074 978 per
1134 897 1315 962 illum
1381 897 1653 974 modum,
1707 896 1808 978 qui
1875 897 1958 959 sit
2021 896 2411 961 racionabilis
2468 897 2533 960 et
2578 897 2910 961 secundum
2961 898 3140 962 deum
3188 897 3256 960 et

517 1004 660 1050 cum
723 1002 905 1067 quam
967 985 1187 1050 minori
1249 983 1564 1048 incomodo
1626 983 1856 1065 poterit
1916 984 2113 1048 nostri
2172 984 2553 1049 communis:
2632 984 2804 1048 vadit
2863 1002 3023 1065 pars,
3087 981 3253 1066 quod

515 1091 625 1155 pro
674 1072 892 1136 merito
938 1073 1300 1136 damnorum
1352 1089 1599 1135 suorum
1640 1071 1866 1136 dentur
1912 1070 2075 1135 dicto
2138 1090 2235 1135 ser
2294 1069 2567 1135 Johanni
2612 1073 2684 1135 de
2729 1072 2996 1135 denariis
3054 1071 3251 1135 nostri

516 1160 876 1238 communis,
941 1161 1044 1242 qui
1104 1159 1487 1241 accipiantur
1549 1177 1690 1223 cum
1756 1158 2071 1222 ordinibus
2120 1159 2301 1235 terre,
2365 1159 2576 1222 ducati
2640 1158 2767 1223 MV
2828 1160 3074 1223 centum
3142 1176 3253 1240 per

518 1250 766 1311 modum
816 1247 1039 1324 mutui,
1089 1248 1152 1311 et
1196 1265 1334 1310 cum
1384 1244 1492 1310 illa
1538 1245 1938 1323 condictione,
2003 1246 2161 1327 quod
2220 1245 2295 1309 de
2342 1246 2507 1309 dicta
2564 1246 2913 1328 quantitate
2959 1246 3066 1309 det
3094 1246 3247 1329 ydo-

519 1353 696 1398 neam
745 1333 1092 1415 plezariam,
1142 1353 1261 1418 que
1307 1332 1549 1416 placeat
1593 1332 1867 1397 dominio
1913 1351 2104 1415 usque
2151 1353 2340 1397 unum
2389 1352 2684 1410 mensem,
2737 1338 3066 1415 postquam
3112 1331 3245 1397 fne-

514 1422 606 1486 rit
642 1424 827 1503 capta
870 1422 998 1486 ista
1044 1440 1206 1503 parS.
1239 1421 1319 1486 Et
1360 1420 1413 1484 si
1460 1420 1662 1502 ipsam
1711 1421 1854 1484 dare
1901 1437 2017 1483 non
2070 1423 2294 1501 posset,
2343 1423 2646 1502 ponantur
2690 1420 2841 1485 dicti
2887 1419 3125 1485 denarii
3169 1418 3250 1483 ad

512 1527 821 1574 cameram
869 1508 1159 1573 frumenti
1209 1527 1351 1573 cum
1400 1508 1584 1589 prode
1630 1508 1831 1583 solito,
1881 1506 1955 1570 de
2007 1508 2231 1590 quibus
2286 1508 2513 1572 habeat
2561 1506 2747 1590 prode
2810 1506 2981 1573 iuxta
3042 1525 3246 1572 usum.

513 1596 599 1661 Et
643 1596 696 1660 si
743 1596 939 1677 ipsam
988 1595 1321 1679 plezariam
1369 1595 1623 1671 dederit,
1671 1598 1743 1658 ut
1772 1594 2008 1658 dictum
2043 1597 2157 1672 est,
2191 1594 2370 1659 detur
2419 1595 2535 1659 sibi
2590 1594 2754 1660 dicta
2789 1597 3066 1677 pecunia.
3114 1593 3247 1673 Que

515 1684 798 1766 pecunia,
831 1687 1077 1748 mortuo
1102 1683 1268 1748 dicto
1304 1701 1405 1746 ser
1434 1681 1732 1758 Johanne,
1767 1684 1953 1746 vadat
1984 1683 2056 1745 de
2083 1682 2406 1747 heredibus
2432 1683 2490 1746 in
2523 1682 2796 1758 heredes,
2830 1682 2996 1746 sicut
3027 1682 3117 1745 ire
3141 1681 3248 1744 de·

513 1771 700 1836 bebat
738 1771 1069 1835 comitatus
1118 1789 1226 1852 per
1270 1768 1533 1833 formam
1567 1769 1928 1833 testamenti
1958 1769 2192 1834 domini
2225 1770 2485 1835 Marsilii
2517 1769 2798 1854 Georgio.
2832 1767 3246 1852 Intelligendo

510 1877 773 1941 semper,
837 1861 909 1921 ut
966 1857 1266 1922 securitas
1326 1858 1619 1939 appareat
1662 1857 1736 1920 de
1797 1857 1963 1920 dicta
2007 1857 2283 1940 pecunia,
2333 1856 2494 1940 quod
2540 1877 2749 1922 omnes
2796 1856 2909 1933 illi,
2954 1858 3056 1940 qui
3103 1874 3244 1920 suc-

511 1946 729 2011 cedent
791 1945 855 2009 in
913 1946 1078 2010 dicto
1131 1944 1430 2018 benefitio,
1493 1946 1822 2008 teneantur
1890 1944 1968 2008 ad
2031 1944 2266 2009 dictam
2325 1944 2679 2026 plezariam.
2745 1943 2976 2008 Verum
3025 1944 3076 2008 si
3125 1943 3245 2007 ali-

513 2052 632 2115 quo
689 2036 965 2115 tempore
1026 2033 1359 2096 comitatus
1421 2030 1660 2095 veniret
1706 2030 1781 2094 ad
1830 2049 2047 2096 manus
2096 2032 2247 2097 dicti
2294 2050 2392 2095 ser
2437 2031 2742 2097 Johannis
2789 2033 2886 2097 vel
2949 2030 3244 2096 heredum

510 2123 577 2185 et
617 2137 1037 2186 successorum
1100 2137 1371 2196 suorum,
1436 2120 1582 2182 tunc
1646 2120 1931 2183 revocata
1977 2119 2061 2183 sit
2103 2120 2215 2184 hec
2263 2119 2547 2201 provisio,
2597 2124 2660 2183 et
2704 2120 3076 2184 restituatur
3138 2137 3245 2200 pe-

514 2206 694 2272 cunia
738 2209 947 2272 nostro
1008 2207 1342 2285 communi,
1402 2211 1466 2271 et
1511 2205 1590 2270 ad
1633 2206 1744 2272 hoc
1790 2206 1877 2271 sit
1925 2206 2201 2290 obligata
2262 2207 2531 2290 plezaria
2576 2205 2946 2290 accipienda.
2999 2206 3060 2286 6,
3126 2222 3243 2270 non

515 2294 738 2360 sinceri
780 2294 888 2360 49.

607 2404 789 2465 Misti
837 2402 1142 2463 XXVIII
1189 2399 1331 2480 103,
1373 2421 1417 2464 u
1458 2404 1614 2465 mlct.
1664 2405 1902 2465 arkivu.

829 2609 1241 2693 xxvln.
1296 2610 1502 2695 sou.
1557 2610 1781 2697 1359.
1837 2609 1943 2695 24
1994 2611 2369 2714 travnja,
2419 2632 2481 2694 u
2533 2607 2926 2694 metam.

510 2724 674 2812 Salio
719 2756 783 2799 se
828 2738 1125 2813 mielnik,
1185 2739 1341 2799 nelca
1402 2739 1744 2800 Zadranom
1793 2739 1985 2800 iambi
2045 2739 2249 2798 listove
2302 2739 2508 2812 kralja
2556 2739 2909 2815 uyarskoya,
2955 2755 3033 2812 po
3075 2739 3241 2813 kojilt

656 2843 734 2887 su
772 2828 1048 2900 pouvani,
1095 2827 1177 2886 da
1220 2844 1282 2887 se
1330 2827 1467 2887 dria
1510 2829 1694 2902 mira,
1742 2829 1767 2887 i
1812 2828 1894 2886 da
1936 2827 2221 2901 njekojim
2267 2831 2511 2900 pom-ate
2554 2826 2799 2899 m'ilwva
2841 2827 3108 2899 insania.-

733 2961 896 3026 1359
956 2962 1168 3028 XXIV
1251 2962 1483 3046 aprilis,
1565 2965 1869 3029 Dominus
1931 2964 1995 3027 et
2031 2960 2409 3026 consiliarii.
2457 2958 2684 3044 Capta:
2733 2960 2894 3043 quod
2943 2981 3050 3043 pro
3098 2981 3233 3044 pre·

513 3049 831 3115 sentandis
893 3050 1141 3129 litteris,
1201 3071 1319 3135 que
1385 3054 1722 3118 mittantur
1782 3048 2192 3116 Jadrensibus
2259 3068 2368 3132 per
2427 3067 2640 3132 regem
2685 3049 3006 3133 Hungarie
3052 3068 3239 3132 super

510 3138 938 3203 observatione
1006 3138 1191 3221 pacis,
1254 3142 1320 3203 et
1380 3157 1489 3222 pro
1551 3137 1931 3222 procuranda
1997 3138 2159 3219 apud
2223 3136 2450 3201 banum
2524 3139 2591 3202 et
2659 3135 2824 3220 ipsos
2908 3136 3240 3203 Jadrenses

510 3224 903 3289 observantia
951 3225 1116 3305 pacis
1161 3226 1223 3288 in
1271 3224 1412 3302 hiis,
1462 3228 1522 3290 in
1571 3227 1794 3309 quibus
1841 3225 2274 3290 contrafecisse
2308 3224 2612 3302 videntur,
2670 3228 2733 3286 et
2781 3224 3239 3290 restitutionem

509 3311 803 3375 bonorum
853 3311 1075 3375 Marini
1114 3312 1188 3375 de
1235 3311 1561 3390 Canarut0,
1596 3314 1750 3379 Zoili
1780 3314 1857 3377 de
1901 3311 2206 3393 Orsolino,
2256 3311 2497 3377 Nicolai
2542 3314 2615 3376 de
2647 3312 2920 3376 Avancio
2979 3316 3044 3377 et
3086 3311 3241 3376 alio-

509 3417 649 3463 rum
696 3399 1038 3463 nostrorum
1082 3398 1378 3476 fidelium,
1419 3403 1705 3466 mittatur
1754 3421 1911 3465 unus
1957 3400 2034 3466 de
2081 3399 2336 3466 notariis
2390 3399 2560 3464 curie
2605 3418 2746 3464 cum
2787 3398 2898 3464 illa
2942 3400 3238 3465 commis-

513 3484 687 3550 sione
732 3487 798 3548 et
838 3486 1062 3563 verbis,
1113 3505 1234 3569 que
1278 3488 1551 3552 dominio
1584 3488 1974 3554 videbuntur.

597 3592 779 3653 Misti
834 3592 1143 3653 XXVIII
1191 3596 1337 3665 103,
1382 3613 1425 3654 u
1465 3596 1621 3657 mlet.
1668 3597 1905 3656 arkivu.

824 3800 1157 3882 XXIX.
1214 3799 1420 3883 God.
1476 3801 1700 3886 1359.
1754 3803 1859 3885 28
1912 3805 2281 3905 travnja,
2345 3826 2401 3887 u
2460 3801 2966 3904 Visegradu.

509 3923 805 4003 Ljudevit
850 3926 1181 3999 uyaraehrv.
1227 3926 1389 4001 kralj
1422 3929 1695 4000 zahtjeva
1757 3929 1835 3987 od
1892 3929 2218 3998 Mletcana,
2265 3932 2418 3988 nelca
2451 3931 2668 4001 prisile
2712 3947 2890 4003 svoya
2933 3931 3238 4003 podam'ka

506 4013 755 4073 Donata
799 4012 1096 4083 Alcmana,
1157 4014 1239 4072 da
1295 4015 1496 4074 Ivanu
1551 4016 1860 4115 kanonikfa
1901 4016 2380 4163 -chgebcaninu
2439 4017 2678 4089 povrati
2721 4034 2916 4087 novoe,
2962 4018 3092 4090 koje
3137 4035 3238 4075 mu

1645 4120 1948 4175 pozaamto
2091 4147 2104 4161 .

717 4240 1081 4321 Exemplum
1119 4241 1499 4323 quarundam
1526 4240 1877 4307 litterarum
1906 4241 2282 4307 serenissimi
2321 4243 2586 4307 dominie
2612 4243 2776 4326 regis
2813 4244 3130 4326 Hungarie
3173 4243 3237 4308 in

506 4323 773 4390 iaverem
847 4327 1150 4392 Johannis
1233 4328 1504 4393 canonici
1571 4328 2040 4410 Zagrabriensis
2087 4348 2194 4410 pro
2249 4330 2490 4394 cambio
2557 4332 2808 4411 pecunie
2871 4331 3033 4397 facto
3093 4349 3233 4395 cum

508 4409 748 4474 Donato
798 4412 1083 4479 Alamani
1133 4415 1462 4480 missarum
1510 4417 1712 4480 ducali
1760 4417 2052 4480 dominio.
2081 4416 2282 4481 Amici
2318 4418 2646 4481 karissimi.
2684 4418 2980 4483 Dolorosa
3035 4418 3237 4483 fidelis

506 4497 698 4594 nostri
746 4498 1046 4565 Johannis
1094 4502 1364 4568 canonici
1417 4501 1887 4584 Zagrabinensis
1938 4504 2310 4584 presentium
2354 4505 2671 4569 exibit-oris
2707 4506 3055 4570 insinuante
3101 4505 3238 4589 qui-

507 4583 771 4648 runonia
814 4585 1159 4663 didicimus,
1209 4590 1370 4673 quod
1418 4609 1557 4655 cum
1597 4591 1726 4672 ipse
1768 4592 1998 4655 dudum
2049 4591 2326 4656 Venetiis
2376 4593 2645 4657 existens
2692 4592 2940 4657 cuidam
2991 4594 3236 4657 Donato

506 4669 791 4769 Alemani
838 4673 1069 4737 concivi
1116 4681 1320 4741 vestro
1351 4679 1655 4742 trecentos
1703 4679 1766 4741 et
1810 4679 2258 4761 quinquaginta
2302 4679 2563 4744 florenos
2625 4679 2760 4744 auri
2809 4679 2871 4744 in
2915 4680 3243 4762 principali

506 4772 767 4841 pecunia
812 4776 884 4822 ac
927 4758 1083 4825 XXI
1149 4761 1406 4828 florenos
1456 4783 1563 4846 pro
1608 4764 1779 4830 lucro
1822 4765 2159 4849 campsoris
2207 4767 2271 4830 in
2318 4784 2580 4849 persona
2629 4766 2993 4833 venerabilis
3037 4766 3239 4852 patris
