3620 5282
423 349 512 416 20

427 526 782 590 admiratus
829 524 891 589 in
928 490 1129 590 ‘Jadra
1174 542 1316 588 oum
1367 522 1592 587 salario
1629 523 1928 586 librarum
1975 523 2240 606 quinque
2286 540 2675 605 grossorum,
2725 521 3002 586 habendo
3043 520 3151 585 do-

422 634 600 679 mum
647 632 685 677 a
731 612 1039 678 communi
1087 613 1203 677 etc.
1252 612 1576 677 Remansit
1612 610 1946 676 Antolinus
1993 611 2068 675 de
2115 611 2412 676 Arduino.

517 705 676 766 ὅθεν.
722 723 876 765 cons.
916 723 1035 779 roy.
1072 704 1290 781 A.‚84,
1350 721 1388 761 u
1434 704 1648 761 arkivu
1693 703 2048 763 mletadkom.

751 894 1070 976 XXIV.
1153 894 1358 976 God.
1411 893 1632 976 1347.
1687 892 1786 975 22
1840 892 2288 991 kolovoza‚
2336 914 2394 973 u
2447 891 2838 974 Mletcill.

445 1022 504 1082 U
541 1023 749 1081 smislu
795 1023 1048 1094 oporuke
1094 1023 1280 1080 kneza
1324 1022 1516 1080 Pavla
1565 996 1979 1096 Ostrovickoya
2007 1021 2086 1077 Μ
2086 1021 2300 1079 ἰετόαπὶ
2347 1021 2650 1093 opominju
2690 1022 2875 1079 kneza
2910 1018 3150 1093 Gryura

440 1128 472 1169 o
518 1112 783 1186 njeeyovoj
817 1112 1062 1184 Ρνὶεερὶ,
1107 1128 1183 1182 po
1224 1110 1382 1183 kojoj
1420 1127 1481 1168 se
1513 1110 1581 1182 jc
1626 1110 1870 1169 obvezao
1907 1111 2150 1167 uduvati
2199 1106 2504 1167 Ostrovz'cu
2549 1127 2624 1167 za
2671 1109 2932 1167 Pavlova
2993 1110 3147 1166 sina.

642 1231 830 1295 1347.
880 1230 978 1295 die
1028 1231 1210 1295 XXII
1271 1232 1536 1313 augusti,
1602 1234 1815 1313 capta:
1881 1230 2038 1313 quod
2101 1230 2407 1294 scribatur
2466 1229 2704 1307 comiti
2747 1229 3042 1311 Gregorio
3087 1230 3150 1293 in

426 1319 589 1383 banc
627 1318 890 1382 formam
935 1319 1424 1402 infrascriptam:
1475 1338 1635 1396 cum,
1681 1323 1751 1383 ut
1797 1319 1954 1383 scire
2002 1319 2259 1396 debetis,
2308 1337 2513 1383 comes
2545 1317 2778 1382 Paulus
2808 1317 3149 1382 Ostrovicie

428 1409 504 1472 ob
549 1408 732 1472 fidem
779 1411 843 1471 et
891 1408 1291 1485 devotionem,
1342 1426 1525 1489 quam
1571 1408 1784 1472 habuit
1831 1409 1893 1471 in
1938 1410 2215 1471 nostrum
2265 1406 2628 1484 dominium,
2676 1406 3047 1471 ordinaverit
3091 1407 3155 1470 in

432 1515 545 1560 sua
588 1496 816 1560 ultima
858 1495 1189 1569 voluntate,
1232 1495 1390 1577 quod
1437 1514 1547 1560 nos
1589 1498 1654 1560 et
1700 1513 2024 1559 commune
2070 1496 2346 1559 nostrum
2403 1496 2681 1559 ordinare
2728 1497 2792 1559 et
2837 1495 3155 1578 disponere

435 1583 800 1648 deberemus
847 1582 922 1646 de
972 1586 1101 1648 eius
1147 1582 1274 1647 filio
1322 1586 1385 1647 et
1429 1603 1537 1647 suo
1599 1588 1800 1648 castro
1842 1582 2215 1662 Ostrovicie,
2281 1583 2442 1648 sicut
2504 1584 2581 1646 ad
2627 1583 3154 1647 conservacionem

435 1691 645 1736 eorum
693 1672 1090 1755 cognovimus
1138 1670 1436 1754 expedire,
1488 1673 1552 1736 et
1596 1671 1912 1737 comiserit
1983 1673 2154 1736 vobis
2216 1671 2449 1736 dictum
2513 1674 2784 1736 castrum
2849 1689 3158 1755 usquequo

433 1760 562 1824 eius
610 1760 773 1824 filius
821 1759 1137 1824 deveniret
1195 1760 1274 1824 ad
1336 1761 1604 1837 etatem,
1655 1779 1774 1842 qua
1837 1761 2048 1843 posset
2092 1779 2155 1823 se
2217 1761 2283 1823 et
2341 1761 2617 1825 castrum
2678 1760 3022 1840 predictum
3085 1775 3158 1822 ac

433 1849 593 1911 bona
639 1866 749 1911 sua
798 1866 1010 1930 regere
1059 1849 1121 1911 et
1167 1849 1527 1931 gubernare,
1579 1849 1978 1931 iniungendo,
2045 1847 2205 1930 quod
2263 1867 2505 1930 semper
2569 1848 2631 1911 in
2692 1849 2976 1912 omnibus
3023 1849 3152 1911 tam

431 1936 581 2001 dicti
630 1937 838 2011 castri,
888 1954 1069 2018 quam
1118 1935 1229 1999 filii
1267 1936 1443 2000 nobis
1475 1939 1769 2018 tanquam
1803 1936 2216 2019 superioribus
2259 1936 2507 2000 obedire
2538 1936 2834 2013 debeatiS,
2885 1940 2953 1999 ut
2986 1938 3158 2018 patet

431 2043 541 2107 per
585 2023 846 2089 formam
898 2023 1255 2088 testamenti
1313 2023 1590 2106 predicti,
1650 2028 1714 2089 et
1775 2025 2053 2107 predicta
2115 2025 2366 2088 iurastis
2412 2043 2594 2106 super
2657 2043 2877 2107 corpus
2923 2022 3153 2088 Christi

439 2112 829 2194 integraliter
876 2112 1232 2187 observare;
1283 2115 1345 2176 et
1389 2132 1498 2178 nos
1542 2113 1923 2191 affectantes,
1974 2117 2041 2176 ut
2086 2115 2366 2177 tenemus
2414 2131 2482 2176 ex
2531 2112 2768 2189 debit0,
2834 2129 3156 2177 conserva-

432 2201 665 2265 tionem
712 2200 825 2264 filii
867 2204 931 2263 et
978 2201 1165 2263 castri
1212 2202 1275 2264 et
1322 2201 1616 2265 bonorum
1683 2220 1933 2265 suorum
1988 2200 2311 2266 defendere
2358 2204 2421 2264 et
2468 2205 2899 2277 manutenere,
2948 2202 3161 2264 habito

430 2291 711 2370 respectu
757 2288 835 2351 ad
881 2306 1153 2352 amorem
1199 2288 1507 2365 intimum,
1566 2308 1746 2371 quem
1813 2308 2058 2370 semper
2120 2289 2426 2371 gessimus
2483 2288 2647 2353 dicto
2695 2289 2906 2354 comiti
2956 2289 3154 2353 Paulo

432 2378 496 2440 et
542 2377 809 2440 maxime
855 2396 963 2458 per
1000 2380 1182 2458 pacta
1229 2396 1439 2441 secum
1484 2378 1734 2453 habita,
1798 2396 1907 2459 per
1948 2395 2064 2459 que
2127 2379 2408 2441 tenemur
2476 2395 2589 2441 sua
2634 2378 2858 2442 habere
2905 2396 3154 2441 comen-

432 2466 578 2528 data
623 2470 915 2545 tanquam
965 2465 1114 2527 civis
1160 2465 1351 2528 nostri
1401 2465 1631 2542 dilecti,
1697 2482 1806 2531 vos
1873 2484 1979 2547 pro
2044 2464 2437 2547 adimplendo
2500 2483 2675 2529 suam
2724 2466 3011 2530 ultimam
3060 2484 3163 2529 vo-

384 2562 391 2569 '
432 2553 759 2629 luntatem,
807 2572 923 2635 que
971 2553 1108 2629 fuit,
1158 2552 1319 2634 quod
1369 2553 1603 2617 dictum
1652 2555 1925 2617 castrum
1971 2555 2435 2617 conservaretur
2486 2571 2590 2633 pro
2638 2553 2802 2617 dicto
2837 2555 2969 2618 eius
3005 2552 3153 2629 filio,

434 2644 498 2706 et
544 2639 702 2724 quod
746 2640 824 2704 ad
866 2659 1080 2705 manus
1130 2640 1287 2705 alias
1335 2640 1617 2707 devenire
1680 2661 1801 2706 non
1850 2645 2093 2725 posset,
2161 2640 2529 2723 requirimus
2575 2645 2638 2706 et
2684 2661 2967 2725 rogamus
3017 2661 3156 2706 cum

435 2728 945 2807 intellexerimus,
994 2729 1148 2812 quod
1199 2748 1302 2793 rex
1348 2730 1662 2813 Hungarie
1694 2751 1802 2814 per
1845 2731 2072 2795 multos
2120 2731 2185 2794 et
2230 2731 2499 2795 diversos
2525 2733 2828 2795 tractatus
2854 2731 3162 2813 procuret,

435 2818 596 2900 quod
643 2817 878 2882 dictum
929 2821 1202 2881 castrum
1252 2817 1538 2882 deveniat
1584 2819 1662 2882 ad
1712 2837 1930 2882 manus
1978 2838 2137 2895 suaS,
2186 2820 2261 2882 ad
2308 2838 2455 2900 quos
2512 2822 2815 2883 tractatus
2861 2837 2981 2884 non
3024 2837 3156 2882 am-

438 2905 772 2989 biguimus,
819 2905 978 2988 quod
1016 2924 1139 2982 VOS,
1188 2907 1578 2970 attendentes
1624 2908 1698 2971 ad
1746 2907 2182 2971 continentiam
2225 2908 2587 2972 testamenti
2624 2907 2903 2990 predicti,
2955 2906 3160 2970 nulla-

437 2996 621 3058 tenus
668 2993 1023 3070 attendetiS,
1089 2996 1393 3075 quatenus
1440 2994 1677 3073 velitiS,
1744 2998 1816 3058 ut
1861 2995 1961 3073 de,
1995 2995 2127 3059 iure
2188 2996 2480 3059 tenemini
2545 3015 2652 3079 per
2713 2998 3158 3060 testamentum

439 3082 801 3165 predictum,
850 3080 1085 3145 dictum
1134 3083 1405 3145 castrum
1470 3087 1677 3147 tenere
1743 3085 1806 3147 et
1865 3084 2169 3147 custodire
2232 3085 2474 3148 nomine
2521 3084 2692 3166 pueri
2734 3084 3038 3165 predicti,
3086 3103 3161 3148 ne

442 3168 519 3234 ad
567 3188 782 3232 manus
831 3169 985 3232 alias
1034 3169 1238 3233 valeat
1270 3171 1621 3251 pervenire3
1671 3172 1830 3252 quod
1878 3171 1928 3235 si
1976 3172 2297 3249 accideret,
2332 3174 2488 3254 quod
2521 3172 2702 3248 absit,
2752 3175 2917 3235 esset
2948 3175 3162 3236 contra

445 3256 862 3320 iuramentum
913 3277 1020 3338 per
1066 3275 1171 3320 vos
1212 3259 1438 3326 factum
1486 3261 1615 3321 tam
1656 3259 1730 3323 de
1777 3260 2036 3323 tenendo
2063 3260 2296 3323 dictum
2342 3265 2635 3338 castrum,
2684 3278 2865 3342 quam
2915 3260 2990 3324 de
3021 3261 3162 3324 obe·

445 3343 667 3408 diendo
728 3344 905 3408 nobis
952 3344 1015 3407 in
1062 3347 1379 3416 omnibus,
1443 3349 1513 3409 ut
1574 3346 1810 3410 dictum
1871 3350 2312 3412 testamentum
2378 3347 2613 3412 indicat
2669 3347 3009 3411 manifeste.
3064 3346 3162 3410 Ad

447 3432 885 3498 relaxationem
936 3435 999 3497 et
1050 3433 1480 3498 liberationem
1512 3435 1684 3516 pueri
1730 3439 1791 3497 et
1833 3434 2102 3499 filiarum
2160 3438 2496 3500 vestrarum
2546 3435 2802 3500 fecimus
2854 3436 2918 3499 et
2962 3435 3160 3499 facere

444 3521 819 3584 intendimus
867 3525 1144 3585 nostrum
1193 3540 1387 3604 posse,
1436 3525 1499 3587 et
1545 3521 1598 3586 si
1645 3522 1789 3605 quid
1837 3523 2005 3586 aliud
2052 3522 2360 3588 videretur
2405 3523 2575 3587 vobis
2625 3525 2685 3587 in
2732 3522 2844 3586 hoc
2890 3522 3160 3587 fiendum

443 3608 541 3673 vel
582 3610 993 3686 tractandum,
1040 3610 1217 3673 nobis
1247 3610 1598 3674 rescribatis
1624 3610 1873 3675 modum
1910 3613 1973 3674 et
2006 3612 2185 3688 viam,
2235 3630 2416 3693 quem
2443 3612 2504 3674 in
2547 3610 2710 3675 dicto
2758 3610 2922 3675 sacto
2953 3613 3161 3676 tenere

445 3697 758 3774 debemuS,
807 3698 1036 3779 paratis
1083 3717 1318 3780 queque
1348 3699 1671 3780 tangentia
1717 3700 2236 3764 conservationem
2284 3700 2461 3780 pueri
2511 3701 2574 3763 et
2619 3699 2805 3762 castri
2853 3698 3161 3781 predicto-

448 3803 583 3849 rum
632 3803 703 3848 ac
725 3786 916 3849 vestri
964 3787 1028 3850 et
1072 3788 1418 3849 vestrorum
1442 3787 1640 3850 facere
1682 3788 1745 3849 et
1793 3789 2148 3867 possetenus
2174 3787 2530 3868 adimplere.
2575 3785 2945 3851 Comisimus
2973 3788 3163 3852 etiam

447 3873 659 3938 comiti
705 3875 768 3938 et
814 3873 1130 3955 capitaneo
1177 3876 1384 3938 nostro
1428 3873 1639 3951 Jadre,
1689 3874 1848 3955 quod
1890 3874 2064 3938 vobis
2111 3874 2435 3939 subveniat
2481 3876 2553 3939 de
2599 3877 2781 3958 gente
2846 3878 3054 3940 nostra
3097 3878 3165 3940 et

445 3962 605 4035 aliis,
654 3964 726 4025 ut
769 3962 845 4024 ab
893 3980 962 4025 eo
1007 3961 1300 4026 duxeritis
1347 3961 1784 4044 postulandum
1831 3981 1940 4043 pro
1986 3963 2444 4028 conservatione
2492 3964 2640 4029 dicti
2685 3963 2892 4029 castri.

534 4052 693 4113 Scor.
739 4069 893 4112 cons,
939 4070 1058 4127 roy.
1107 4053 1181 4110 A.
1227 4055 1330 4132 84,
1377 4072 1420 4112 u
1465 4055 1679 4112 arkivu
1724 4054 2079 4112 mletaclcom.

803 4241 1072 4323 XXV.
1128 4242 1333 4324 God.
1390 4243 1609 4326 1347.
1664 4244 1768 4328 26
1825 4244 2272 4344 kolovoza,
2329 4266 2387 4325 u
2440 4245 2833 4329 Mletcih.

450 4367 662 4429 Knezu
706 4370 1101 4428 zadarskomu
1149 4370 1284 4444 dqje
1329 4388 1390 4429 se
1434 4372 1564 4431 dvic
1610 4372 1792 4431 tisude
1841 4372 2084 4442 dulcata,
2130 4374 2284 4431 nelca
2334 4375 2553 4432 nabavi
2583 4375 2769 4434 hrane
2805 4392 2879 4435 za
2897 4376 3163 4449 potriebe

973 4474 1160 4531 onoqa
1201 4460 1395 4532 yrada
1436 4477 1465 4517 s
1512 4462 1616 4518 tim
1663 4462 1932 4534 qu‘etom,
1977 4461 2058 4520 da
2097 4462 2377 4535 ylavnicu
2422 4464 2635 4535 utJ‘era.

669 4575 851 4639 1347.
902 4576 999 4640 die
1047 4574 1264 4643 XXVI
1306 4581 1574 4662 augusti,
1610 4584 1827 4663 capta:
1875 4580 2035 4664 quod
2068 4601 2178 4664 pro
2202 4582 2611 4647 subveniendo
2657 4582 3162 4648 neccessitatibus

452 4662 635 4740 bladi,
685 4682 836 4746 quas
868 4665 1177 4729 substinet
1201 4669 1478 4732 nostrum
1510 4675 1831 4733 commune
1859 4669 2065 4747 Jadre,
2117 4670 2445 4735 mittantur
2482 4671 2691 4736 comiti
2739 4673 2803 4735 et
2846 4672 3162 4754 capitaneo

451 4750 641 4818 Jadre
688 4753 936 4819 ducatos
983 4755 1098 4819 duo
1144 4753 1360 4832 millia,
1408 4753 1483 4818 de
1529 4755 1749 4838 quibus
1798 4776 1998 4821 emere
2043 4756 2284 4838 debeat,
2328 4762 2398 4825 ut
2446 4759 2564 4824 sibi
2618 4758 2954 4835 videbitur;
3003 4758 3163 4843 quod
