3620 5282
2932 345 3058 410 417

334 520 610 587 ordinem
660 518 1043 603 antedictum
1092 519 1182 583 ita
1230 517 1391 600 quod
1439 517 1701 601 quilibet
1749 519 2028 583 notarius
2075 518 2359 600 publicus
2394 518 2592 600 possit
2624 517 2828 584 facere
2868 520 3072 584 testa-

334 609 544 672 menta
591 609 655 671 et
702 607 980 689 quelibet
1031 607 1157 670 alia
1199 607 1633 669 instrumenta.

544 694 640 758 Ad
688 695 1007 783 decimum*
1050 697 1113 758 et
1162 693 1476 770 ultimum,
1524 692 1586 756 in
1635 710 1755 775 quo
1818 693 2054 758 faciunt
2118 695 2498 758 mentionem
2554 696 2625 757 de
2673 697 2846 758 certa
2893 694 3069 758 diffe-

342 781 557 859 rentia,
617 803 734 864 que
800 785 895 846 est
948 783 1109 846 inter
1175 783 1505 864 quemdam
1576 780 2072 845 archidiaconum
2139 783 2481 846 Mai-tinum
2543 782 2959 846 Albonensem
3008 790 3072 846 et
3127 810 3138 815 „

337 872 838 934 archidiaconum
887 868 1193 945 Nicolam‚
1243 870 1624 951 requirentes
1672 869 1732 931 in
1778 870 2186 946 conclusione,
2236 871 2393 950 quod
2443 868 2548 933 ille
2598 870 3069 934 archidiaconus

336 956 649 1022 Martinus
719 957 1064 1038 expellatur
1127 975 1241 1038 per>
1282 958 1407 1021 vim
1457 956 1617 1021 sicut
1663 975 1772 1038 per
1813 958 1936 1020 vim
1986 957 2276 1029 intravit;
2345 957 2453 1021 fiat
2513 958 2842 1039 responsi0,
2903 955 3067 1039 quod

338 1046 666 1109 mittemus
728 1047 936 1109 nostro
1003 1045 1520 1111 rectoridictum
1584 1043 1946 1124 capitulum,
2008 1050 2071 1108 et
2138 1044 2588 1122 mandabimus,
2654 1045 2814 1126 quod
2862 1047 3068 1126 ipsum

337 1134 689 1197 examinare
759 1133 998 1209 debeat,
1074 1134 1136 1194 et
1205 1131 1254 1193 si
1304 1133 1395 1195 ita
1442 1130 1580 1208 erit,
1628 1133 1697 1195 ut
1741 1132 1973 1208 dicuat,
2044 1131 2234 1195 faciat
2302 1132 2519 1214 deponi
2589 1135 2652 1196 et
2697 1131 3071 1215 sequestrari

340 1239 525 1301 penes
572 1220 840 1302 aliquem
893 1220 1113 1283 bonum
1171 1220 1366 1281 virum
1418 1219 1634 1282 deinde
1679 1237 1893 1283 omnes
1942 1220 2219 1283 redditus
2266 1222 2330 1282 et
2377 1223 2704 1299 proventus
2773 1221 2928 1283 dicti
2972 1238 3072 1283 ar-

336 1309 818 1383 chidiaconatuS,
868 1306 1062 1372 donec
1110 1306 1420 1370 videbitur
1467 1306 1626 1383 finis,
1664 1324 1847 1388 quem
1883 1305 2087 1387 capiet
2122 1305 2486 1383 differentia,
2521 1325 2634 1387 que
2668 1308 2826 1371 inter
2858 1307 3072 1371 ambos

338 1399 435 1459 est
482 1396 542 1457 in
592 1397 763 1459 curia
823 1413 1094 1472 romana,
1156 1393 1442 1458 habendo
1510 1392 1676 1457 ultra
1721 1394 1837 1457 hoc
1885 1396 2157 1457 mentem
2218 1397 2280 1457 et
2327 1413 2539 1457 curam
2586 1396 2662 1458 ad
2709 1394 2874 1458 facta
2920 1394 3072 1457 dicti

337 1482 751 1546 archidiaconi
799 1481 1055 1546 Martini
1104 1481 1494 1554 Macarathe;
1543 1481 1608 1544 et
1654 1480 1707 1544 si
1753 1480 2003 1553 videret,
2050 1482 2206 1564 quod
2254 1480 2592 1562 peripsum
2630 1483 2881 1562 possent
2910 1483 3073 1546 inter

340 1570 503 1634 cives
553 1569 848 1633 Durachii
895 1573 958 1633 et
1001 1571 1161 1633 intra
1207 1571 1436 1633 terram
1485 1569 1777 1632 scandala
1821 1570 2064 1644 exoriri,
2113 1569 2269 1650 quod
2319 1571 2532 1633 teneat
2578 1571 2822 1633 modum
2875 1568 2949 1632 de
2997 1569 3073 1633 li-

346 1656 674 1722 centiando
717 1676 856 1721 eum
903 1659 1011 1734 ita,
1061 1656 1222 1739 quod
1271 1675 1388 1720 non
1437 1659 1564 1719 stet
1609 1655 1715 1733 ibi,
1763 1655 1954 1720 donec
2000 1656 2180 1719 aliter
2229 1655 2653 1737 providebit-ur
2700 1676 2807 1739 per
2854 1675 2987 1720 nos.

551 1744 806 1826 Insuper
852 1745 995 1827 quia
1040 1744 1341 1808 habemus
1409 1742 1934 1820 informationem,
1999 1742 2158 1825 quod
2205 1746 2410 1807 castra
2493 1748 2703 1807 nostra
2766 1743 3063 1807 Durachii

347 1833 518 1896 stant
564 1834 698 1896 sine
743 1831 951 1914 aliqua
996 1832 1339 1897 munitione
1388 1829 1753 1895 victualium
1799 1834 1864 1894 et
1911 1831 2205 1894 similiter
2251 1851 2394 1894 cum
2460 1830 2698 1895 modico
2745 1849 3057 1895 armorum

342 1923 405 1984 et
453 1919 713 1984 aliarum
766 1938 970 1983 rerum
1050 1919 1553 1994 necessariarum,
1626 1919 1934 1982 scribatur
1994 1919 2113 1999 ipsi
2175 1921 2384 1982 nostro
2453 1919 2699 1996 rectori,
2768 1920 2818 1981 si
2883 1918 3073 1982 habet

342 2009 590 2072 modum
642 2007 925 2088 possendi
973 2009 1110 2089 ipsa
1157 2008 1362 2070 castra
1406 2004 1625 2070 fulcire
1663 2007 2111 2069 munitionibus
2162 2005 2473 2087 predictiS,
2508 2006 2667 2087 quod
2701 2007 2813 2069 hoc
2859 2005 3062 2070 facere

341 2095 580 2171 debeat,
631 2096 869 2177 quondo
915 2098 1122 2158 autem
1165 2113 1281 2157 non
1309 2092 1562 2157 haberet
1607 2093 1880 2171 modum,
1928 2094 2162 2157 scribat
2208 2094 2383 2157 nobis
2434 2097 2640 2176 presto
2685 2095 2894 2157 omnia
2930 2091 3062 2169 illa,

341 2202 456 2265 que
505 2184 861 2247 viderentur
907 2182 1028 2246 sibi
1077 2181 1422 2246 necessaria
1470 2184 1532 2245 et
1580 2185 1930 2263 opportuna
1978 2181 2377 2263 singulariter
2424 2186 2489 2245 et
2554 2181 2865 2257 distincte,
2918 2180 3066 2262 quia

345 2287 452 2333 nos
501 2270 601 2334 hic
647 2268 1123 2352 providebimus,
1173 2269 1511 2333 secundum
1559 2271 1719 2350 quod
1752 2269 1927 2333 nobis
1978 2268 2286 2333 videbitur
2332 2288 2483 2350 opus
2533 2289 2688 2333 esse.

350 2429 360 2435 .
432 2377 612 2436 Misti
659 2374 901 2439 XLIV.
951 2379 1051 2456 68,
1102 2395 1142 2437 u
1187 2378 1338 2436 mlet.
1390 2377 1628 2439 arkivu.

736 2566 1082 2650 DLXX.
1138 2567 1348 2651 God.
1405 2567 1633 2650 1399.
1688 2566 1739 2649 9
1795 2564 2148 2670 εἱθῦῙΙῘᾶ,
2204 2588 2262 2648 u
2315 2566 2707 2650 Mleteih.

350 2694 631 2767 Dopusda
675 2710 738 2753 se
784 2695 1102 2753 nacelniku
1144 2694 1598 2839 skadarskmm
1645 2692 1725 2751 da
1769 2694 2036 2839 sibdtfzme
2081 2694 2337 2768 tumaca,
2366 2694 2407 2751 i·
2435 2694 2514 2751 da
2555 2712 2637 2768 ,qa
2674 2693 2832 2766 placi
2862 2697 2920 2753 in
2950 2692 3078 2766 pri-

1468 2799 1499 2840 o
1544 2798 1582 2838 a
1623 2797 1731 2839 one
1781 2800 1814 2839 ο
1887 2797 1999 2840 me.

564 2883 755 2947 1398.
805 2884 902 2947 die
953 2902 1108 2947 nono
1154 2882 1436 2948 ianuarii.
1500 2881 1870 2947 Consiliarii.
1934 2880 2168 2964 Capta:
2232 2884 2392 2964 quod
2455 2884 2822 2947 concedatur
2887 2882 3077 2946 nobili

361 2972 489 3036 viro
536 2991 635 3036 ser
682 2970 941 3035 Nicolao
992 2971 1209 3036 Polani
1255 2970 1467 3035 comiti
1517 2972 1581 3034 et
1615 2971 1964 3051 -capitaneo
2028 2970 2291 3046 Scutari,
2357 2972 2515 3053 quod
2564 2988 2673 3051 pro
2719 2969 3078 3052 accipiendo

355 3078 548 3123 unum
601 3061 1003 3141 interpretem
1053 3060 1303 3123 omnino
1352 3058 1766 3123 necessarium
1818 3075 1924 3137 pro
1965 3055 2172 3133 ,dando
2214 3058 2664 3137 expeditionem
2721 3076 3082 3141 comparen-

358 3147 527 3210 tibus
574 3164 783 3209 coram
832 3163 923 3224 eo,
973 3147 1075 3229 qui
1123 3146 1392 3227 expediri
1443 3163 1559 3210 non
1609 3148 1872 3227 possunt
1917 3145 2007 3208 ita
2050 3144 2172 3209 cito
2230 3148 2480 3227 propter
2541 3144 2840 3227 lingnam,
2889 3162 3078 3227 quam

358 3234 561 3299 nescit
605 3233 808 3298 dictus
856 3252 953 3299 ser
998 3234 1315 3308 Nicolaus,
1366 3235 1563 3316 possit
1621 3231 1959 3315 expendere
2016 3231 2191 3309 illud,
2263 3232 2421 3312 quod
2472 3233 2593 3295 erit
2639 3233 3078 3308 necessarium,

357 3322 432 3394 de
481 3320 769 3399 denariiS,
819 3322 920 3404 qui
970 3324 1294 3386 remanent
1338 3322 1401 3385 in
1448 3320 1760 3386 communi
1810 3319 2053 3385 Scutari
2117 3338 2222 3400 pro
2286 3321 2670 3400 reparatione
2714 3319 2886 3384 illius
2934 3320 3074 3383 loci.

441 3430 621 3489 Misti
670 3426 909 3490 XLIV.
959 3432 1063 3508 82,
1113 3449 1156 3490 u
1199 3431 1356 3491 mlet.
1405 3431 1641 3489 arkivu.

697 3619 1095 3701 anxl.
1150 3617 1355 3701 eod.
1404 3570 1638 3702 isse.
1696 3621 1795 3701 14
1849 3617 2206 3719 steenja,
2262 3640 2320 3699 u
2374 3616 2764 3701 Mleteih.

564 3759 716 3824 Cum
775 3760 980 3824 Alexii
1056 3761 1352 3825 introitus
1401 3762 1528 3825 sint
1586 3760 1779 3824 multo
1873 3761 2143 3824 minores
2205 3779 2393 3842 quam
2458 3761 2678 3833 exitus,
2729 3759 2872 3842 quia
2919 3779 3081 3824 nunc

355 3865 473 3912 non
525 3847 833 3929 accipitur
879 3866 915 3910 a
966 3848 1411 3912 mercatoribus
1464 3848 1524 3911 in
1574 3847 1877 3912 solutione
1926 3867 2033 3931 pro
2101 3849 2232 3911 sale
2307 3848 2470 3911 sicut
2548 3851 2729 3912 antea
2798 3865 3083 3929 granum,

352 3936 699 4018 plumbum,
765 3936 1048 4018 pelamen
1097 3939 1161 3999 et
1205 3935 1362 4000 aliae
1411 3955 1660 4012 merces,
1709 3936 1842 4000 ideo
1888 3941 2069 4017 capta
2104 3955 2264 4017 pars,
2300 3937 2460 4016 quod
2498 3936 2741 3999 baiulus
2787 3935 3080 3999 Durachii

232 4035 237 4040 ’
355 4024 575 4088 debeat
621 4022 936 4087 dubanam
987 4022 1189 4086 Alexii
1238 4021 1517 4086 affictare
1564 4042 1672 4105 per
1722 4022 2040 4104 publicum
2090 4026 2404 4086 incautum
2462 4022 2617 4099 „illi,
2687 4023 2788 4104 qui
2841 4022 2979 4104 plus
3028 4023 3084 4085 ei

356 4109 587 4187 offeret,
624 4129 744 4174 non
793 4113 1091 4192 possendo
1134 4110 1309 4173 illam
1376 4110 1719 4175 deliberare
1788 4129 1896 4192 pro
1948 4110 2164 4174 minori
2224 4112 2420 4192 pretio
2466 4109 2832 4173 ducatorum
2881 4110 3081 4173 octin-

357 4200 683 4280 gentorum
724 4199 785 4264 in
834 4205 1030 4263 anno“
1084 4216 1226 4262 cum
1261 4196 1629 4275 conditione,
1666 4197 1826 4279 quod
1864 4197 1990 4271 ille,
2023 4197 2128 4282 qui
2161 4197 2411 4261 habebit
2467 4197 2698 4261 dictam
2757 4197 3086 4279 dohanam,

341 4287 638 4360 ,teneatur
682 4305 821 4350 eam
865 4287 1074 4350 tenere
1121 4286 1404 4351 fulcitam
1450 4285 1525 4350 de
1596 4285 1726 4349 sale
1776 4284 2072 4349 Durachii
2123 4303 2230 4365 pro
2271 4283 2468 4365 pretio
2533 4282 2816 4347 limitato·
2854 4286 2918 4346 et
2964 4302 3083 4345 non

357 4372 431 4435 de
479 4373 629 4452 alia,
660 4375 727 4436 et
772 4373 857 4436 sit
903 4374 1191 4438 subditus
1239 4375 1512 4437 venetus.
1556 4373 1984 4436 Deliberatum
2035 4374 2247 4444 etiam,
2311 4372 2469 4451 quod
2538 4390 2641 4450 pro
2689 4370 2906 4433 Alexio
2962 4387 3080 4432 non

358 4460 582 4524 debeat
627 4461 901 4542 amplius
949 4459 1083 4523 fieri
1129 4464 1328 4523 rector
1376 4462 1480 4524 sed
1530 4457 1928 4536 castellanus,
1979 4463 2221 4523 etcum
2261 4461 2567 4541 potestate
2616 4456 2876 4519 faciendi
2929 4457 3081 4519 rati-

360 4563 539 4610 onem
586 4547 648 4611 iu
694 4548 986 4627 civilibus
1033 4547 1113 4611 ab
1162 4548 1454 4629 iperperis
1500 4548 1710 4612 decem
1757 4545 1938 4620 infra,
1992 4565 2026 4609 a
2076 4547 2285 4608 decem
2336 4562 2478 4607 vero
2521 4561 2734 4624 supra,
2759 4545 2821 4605 et
2868 4544 2929 4604 in
2964 4545 3083 4604 cri-

362 4632 698 4704 minalibus
748 4635 1053 4698 iustitiam
1104 4636 1418 4698 ministret
1469 4634 1713 4697 baiulus
1766 4632 2085 4697 Durachii.

445 4740 624 4799 Misia·
674 4741 914 4802 XLIV.
964 4743 1070 4820 82,
1117 4761 1159 4802 u
1206 4742 1359 4801 mlet.
1392 4743 1645 4800 urkivu.

446 4859 625 4908 srou.
672 4859 754 4906 ιν.
1822 4873 1828 4882 ,
2773 4835 2849 4902 27
