3620 5282
531 365 662 435 406

742 545 868 609 Nos
917 562 1059 609 vero
1108 542 1444 607 comitatus
1491 540 1750 606 Curzule
1797 541 1862 605 et
1905 541 2135 604 Melete
2182 557 2393 603 omnes
2440 539 2504 602 et
2549 534 2778 619 singuli
2825 534 2996 598 bona
3042 527 3162 593 fide
3195 529 3260 629 et

483 697 492 706 ,
538 631 753 697 fraude
801 632 1165 714 postposita,
1212 634 1445 711 sponte,
1494 631 1551 693 vi
1599 629 1807 711 aliqua
1869 646 1985 691 non
2033 626 2397 702 accedente,
2461 624 2739 688 iuramus
2801 622 2879 685 ad
2940 615 3261 717 sacra-dei

538 718 878 801 evangelia,
927 718 1086 800 quod
1133 718 1208 782 de
1255 720 1458 781 cetero
1505 717 1582 779 D.
1633 716 1917 779 Marsilio
1963 716 2238 796 prefecto
2285 714 2602 793 tamquam
2663 712 2872 775 nostro
2937 706 3148 770 comiti
3196 721 3262 765 in

537 809 904 889 perpetuum
951 805 1161 869 fideles
1209 805 1459 879 erimuS,
1509 806 1574 867 et
1620 803 1821 884 ipsum
1869 802 2232 866 habebimus
2280 818 2317 862 a
2349 798 2528 863 modo
2581 799 2643 862 in
2684 798 2867 861 antea
2907 810 3017 876 pro
3051 790 3261 853 nostro

546 893 772 957 comite
820 896 883 957 et
922 892 1167 957 domino
1214 891 1277 954 in
1324 893 1728 973 perpetuum,
1802 890 1964 953 sicut
2009 888 2348 952 iuravimus
2411 887 2473 948 et
2526 885 2852 949 habuimus
2912 883 2975 945 et
3035 877 3262 941 habere

547 981 875 1044 debuimus
922 998 958 1042 a
1003 980 1326 1062 principie,
1376 977 1617 1060 quando
1662 977 2095 1058 supposuimus
2148 974 2265 1038 sibi
2312 990 2422 1036 nos
2471 975 2533 1035 et
2576 974 2848 1048 terram,
2909 970 2974 1032 et
3021 963 3261 1047 quando

533 1067 666 1150 ipse
712 1067 883 1131 venit
923 1070 987 1130 et
1030 1067 1195 1148 cepit
1239 1084 1375 1129 eam
1424 1064 1739 1128 redificare
1786 1063 2126 1138 nobiscum,
2208 1062 2272 1125 et
2315 1060 2500 1123 licere
2548 1059 2604 1122 ei
2651 1075 2759 1123 suo
2807 1058 2943 1121 loco
2988 1052 3260 1150 aliquem

534 1155 735 1219 vicem
782 1154 1072 1218 comitem
1121 1172 1362 1235 ponere,
1405 1171 1544 1216 cum
1587 1152 1718 1233 ipse
1762 1150 2193 1214 ressidentiam
2250 1165 2370 1211 non
2417 1145 2640 1210 fecerit
2685 1163 2795 1228 pro
2844 1161 2955 1208 suo
3004 1138 3260 1204 arbitrio

535 1241 891 1306 voluntatis,

622 1331 873 1405 Rayusi.
938 1330 1168 1405 Scoqlio
1229 1331 1385 1390 della
1435 1327 1669 1388 Caecia.
1738 1324 1992 1387 Gamera
2052 1326 2149 1386 dei
2202 1325 2438 1398 confini.
2492 1323 2836 1392 Dalmazia,
2899 1319 3073 1391 busta
3122 1316 3182 1391 4,
3218 1330 3261 1372 u

532 1419 685 1478 mlet.
732 1419 962 1478 arkivu.

828 1606 1281 1688 XXXVII.
1338 1605 1544 1689 God.
1601 1604 1827 1688 1258.
1881 1603 1983 1687 22
2038 1604 2406 1705 svlbnja,
2463 1625 2521 1684 u
2573 1596 2966 1683 Mleteih.

626 1733 1005 1806 Zabram‘eno
1053 1732 1364 1792 knezovom
1407 1732 1590 1790 rasili
1623 1730 1888 1805 poyodbe
1933 1730 2008 1788 od
2050 1730 2317 1803 m‘ihovz'h
2351 1728 2785 1802 predsastnika
2829 1721 3174 1787 utambene,

751 1850 927 1930 Quod
976 1852 1185 1916 nullus
1233 1869 1437 1915 comes
1485 1850 1684 1934 possit
1751 1868 2036 1931 rumpere
2082 1848 2328 1932 aliquod
2367 1850 2628 1931 'pactum
2687 1847 2920 1911 factum
2968 1860 3077 1925 per
3124 1857 3263 1921 pre-

541 1940 925 2004 decessorem
975 1958 1178 2003 suum.
1228 1938 1569 2003 Millesimo
1619 1936 2041 2001 ducentesimo
2074 1936 2590 2020 quinquagesimo
2639 1936 2872 2010 octav0,
2921 1927 3262 1994 indictione

537 2025 760 2110 prima,
810 2026 910 2090 die
958 2026 1051 2090 XI
1098 2027 1355 2090 exeunte
1406 2025 1589 2102 maio,
1638 2044 1781 2107 pars
1827 2028 2011 2107 capta
2050 2023 2203 2088 fuit:
2254 2023 2417 2107 quod
2449 2038 2655 2087 comes
2702 2019 2929 2102 aliquis
2971 2034 3088 2080 non
3120 2030 3264 2110 pos-

543 2115 629 2179 sit
674 2132 785 2178 nec
832 2113 1058 2178 debeat
1104 2132 1390 2194 rumpere
1437 2120 1685 2195 pactum
1736 2129 1845 2176 nec
1893 2112 2279 2176 contractum
2304 2160 2319 2188 ,
2366 2110 2530 2193 quod
2575 2109 2811 2174 factum
2856 2105 2941 2169 sit
2986 2121 3096 2185 per
3142 2099 3259 2199 ah-

540 2220 722 2283 quem
772 2219 952 2264 suum
1027 2200 1521 2282 predecessorem
1580 2218 1720 2264 cum
1770 2198 1983 2280 aliqua
2025 2200 2192 2263 terra
2238 2198 2334 2262 vel
2381 2216 2523 2261 cum
2570 2196 2777 2278 aliqua
2824 2209 3084 2276 persona
3129 2204 3261 2286 sine

536 2286 857 2353 voluntate
906 2290 968 2351 et
1012 2287 1469 2351 collaudacione
1516 2287 1770 2351 maioris
1818 2287 2011 2368 partis
2060 2286 2310 2350 consilis
2358 2285 2522 2349 dicte
2571 2286 2770 2355 terre,
2838 2283 2899 2344 et
2948 2279 2997 2341 si
3046 2276 3261 2339 comiti

534 2375 850 2439 videretur
896 2375 1220 2456 rumpendi
1269 2377 1518 2455 pactum
1563 2372 1814 2456 aliquod
1863 2374 1961 2438 vel
2005 2375 2388 2437 contractum
2437 2372 2677 2436 factum
2725 2388 2832 2452 per
2882 2365 3154 2446 aliquem
3188 2380 3260 2424 ex

537 2461 665 2526 suis
705 2461 1260 2543 predecessoribus,
1312 2464 1374 2524 et
1422 2460 1642 2525 maiori
1693 2461 1854 2542 parti
1898 2460 2142 2524 consilii
2185 2460 2348 2523 dicte
2394 2462 2555 2523 terre
2602 2476 2723 2521 non
2764 2453 3071 2518 videbitur
3098 2449 3263 2548 ,·de-

535 2547 682 2612 beat
726 2566 928 2612 comes
974 2548 1088 2613 hoc
1134 2549 1382 2613 domino
1430 2548 1568 2612 duci
1616 2552 1678 2612 et
1724 2567 1833 2612 suo
1892 2546 2146 2611 consilio
2194 2546 2526 2622 declarare,
2578 2547 2641 2609 et
2687 2542 2828 2607 inde
2892 2539 3046 2616 fiat,
3095 2536 3261 2600 s1cut

536 2635 786 2701 domino
835 2635 974 2700 duci
1020 2638 1085 2701 et
1127 2636 1380 2701 consilio
1425 2655 1536 2701 suo
1578 2635 1889 2700 videbitur
1935 2633 2317 2711 faciendum;
2397 2634 2460 2699 et
2503 2634 2616 2699 hec
2665 2631 2792 2696 sint
2838 2628 2915 2693 ad
2965 2625 3254 2692 volunta-

537 2725 665 2788 tem
715 2722 949 2788 domini
994 2724 1171 2788 ducis
1213 2726 1277 2788 et
1324 2724 1418 2789 sui
1468 2722 1731 2787 consilii.

625 2812 828 2874 Zecca.
876 2815 1053 2875 Filza
1096 2815 1150 2888 1,
1199 2833 1241 2874 u
1284 2815 1625 2874 mletackom
1670 2814 1904 2873 arkivu.

840 3002 1340 3083 xxxvm.
1420 3001 1627 3084 eod.
1683 3000 1912 3083 1269.
1968 3000 2017 3083 2
2072 2973 2423 3100 sionna,
2472 3020 2535 3079 u
2587 2996 2979 3079 metam.

1098 3125 1379 3200 Oporuka
1423 3127 1717 3187 Mar-sitia
1762 3126 1941 3186 Zorzi
1987 3127 2174 3186 kneza
2215 3125 2698 3198 korculanskoya.

756 3246 1155 3310 Testamento
1202 3245 1278 3309 de
1324 3264 1525 3310 meser
1549 3247 1827 3310 Marsilio
1852 3245 2026 3311 Zorzi
2073 3245 2231 3310 fatto
2278 3245 2322 3308 l'
2357 3263 2516 3308 anno
2552 3243 2715 3308 1269
2763 3242 2873 3306 alli
2905 3243 3258 3325 2gennar0.

554 3332 628 3394 In
675 3332 771 3394 dei
818 3332 1012 3394 eterni
1057 3332 1300 3395 nomine
1343 3351 1541 3395 amen.
1591 3332 1770 3396 Anno
1820 3334 1897 3396 ab
1944 3333 2367 3397 incarnatione
2415 3330 2823 3395 dominiJesu
2858 3329 3090 3394 Christi
3117 3328 3261 3392 mil-

551 3417 772 3482 lesimo
818 3419 1234 3483 ducentesimo
1282 3419 1735 3501 septuagesimo
1783 3420 2021 3500 primo,
2095 3421 2323 3483 mensis
2388 3417 2683 3482 februarii
2739 3417 2837 3481 die
2901 3420 3119 3498 quarta
3167 3416 3262 3479 in-

557 3506 761 3581 eunte,
811 3504 1143 3569 indictione
1187 3505 1404 3587 quinta
1449 3506 1708 3583 decima,
1758 3506 2072 3583 Rivoalti,
2134 3507 2454 3589 productio
2519 3508 2583 3570 et
2628 3505 2893 3588 punctus
2937 3504 3115 3568 unius
3164 3507 3255 3566 te-

546 3590 967 3669 stamentarie,
1014 3594 1078 3655 et
1123 3592 1530 3657 roborationis
1574 3594 1734 3657 facte
1777 3612 1936 3657 anno
1992 3597 2071 3658 ab
2121 3593 2544 3658 incarnatione
2590 3592 2820 3656 domini
2867 3590 3067 3655 nostri
3112 3589 3263 3654 Jesu

550 3678 784 3745 Christi
832 3678 1167 3743 millesimo
1193 3680 1611 3745 ducentesimo
1653 3682 2032 3763 sexagesimo
2059 3699 2235 3755 nono,
2288 3700 2496 3758 mense
2520 3679 2802 3755 ianuarii,
2851 3678 2947 3742 die
2993 3678 3257 3742 secundo

538 3768 820 3844 exeunte,
868 3765 1199 3831 indictione
1245 3765 1416 3845 XIV,
1466 3767 1761 3844 Rivoalti,
1805 3769 1968 3850 quod
2013 3769 2147 3833 fieri
2209 3767 2358 3832 fecit
2400 3768 2457 3832 d.
2491 3766 2829 3840 ,Marsilius
2878 3764 3142 3847 Georgio
3187 3766 3257 3827 de

536 3854 803 3919 confinio
848 3855 1047 3918 sancti
1093 3854 1393 3932 Gervasii,
1446 3872 1653 3919 comes
1703 3859 2033 3936 perpetuus
2075 3854 2335 3920 Curzule
2392 3858 2455 3918 et
2502 3853 2771 3930 Melete,
2837 3854 2900 3916 in
2945 3871 3065 3934 quo
3116 3868 3259 3914 con-

539 3941 756 4005 stitnit
800 3958 906 4005 sue
951 3942 1096 4006 fidei
1142 3942 1599 4006 commissarios
1648 3942 1926 4006 dominos
1974 3945 2400 4024 procuratores
2450 3940 2648 4006 sancti
2696 3939 2914 4016 Marci,
2964 3938 3069 4020 qui
3104 3957 3262 4002 nunc

541 4030 690 4093 sunt
736 4027 835 4093 vel
881 4032 1062 4093 erunt
1105 4048 1214 4111 per
1260 4032 1538 4112 tempora
1584 4029 1958 4093 constitutos
2009 4050 2191 4112 super
2251 4027 2695 4093 commissariis
2763 4025 3147 4091 solummodo
3194 4025 3258 4088 in

543 4114 850 4180 comitatu
893 4113 1153 4180 Gurzule
1195 4118 1259 4181 et
1309 4116 1529 4181 Melite
1577 4122 1638 4181 et
1686 4117 1818 4180 eius
1866 4117 2415 4199 pertinentiarum,
2479 4117 2545 4179 et
2590 4115 2750 4179 inter
2815 4115 3019 4178 cetera
3063 4112 3261 4176 eonti-

540 4201 721 4265 netur
768 4203 832 4265 et
877 4201 1130 4284 legitur,
1204 4205 1360 4285 quod
1425 4205 1552 4286 ipse
1616 4205 1901 4269 dominus
1968 4204 2290 4268 Marsilius
2352 4203 2592 4266 dimisit
2653 4220 2832 4265 suum
2898 4201 3263 4265 comitatum

540 4285 802 4351 Curzule
850 4291 913 4351 et
957 4290 1185 4354 Melete
1232 4309 1372 4354 cum
1424 4291 1545 4355 isto
1592 4291 1771 4355 modo
1838 4295 1902 4356 et
1962 4292 2172 4355 ordine
2238 4291 2419 4355 factis
2469 4292 2534 4353 et
2590 4288 2937 4353 conditione
3010 4286 3263 4350 inferius

538 4372 865 4453 denotatis,
916 4376 1259 4459 quicunque
1307 4378 1381 4443 de
1422 4396 1532 4443 sua
1579 4379 1746 4459 prole
1809 4398 1915 4443 seu
1979 4378 2296 4459 parentela
2363 4376 2763 4457 Georgiorum
2830 4375 2883 4438 si
2945 4375 3264 4455 presenta-

538 4460 700 4523 verit
745 4462 1186 4527 commissariis
1235 4466 1363 4529 suis
1430 4465 1725 4550 predictis
1778 4465 2013 4530 dictum
2081 4465 2444 4528 comitatum
2495 4462 2757 4529 Curzule
2815 4464 2878 4525 et
2925 4461 3142 4525 Melite
3189 4458 3263 4523 ad

536 4545 964 4627 accipiendum
1009 4548 1172 4613 infra
1218 4571 1405 4616 unum
1462 4572 1738 4617 mensem
1801 4555 1943 4634 post
2006 4571 2187 4616 suum
2235 4552 2579 4626 dicessum,
2646 4551 2856 4614 tamen
2906 4549 3092 4612 etiam
3143 4546 3266 4610 sol-

537 4648 680 4695 vere
726 4630 950 4699 debeat
994 4635 1152 4700 infra
1195 4637 1348 4702 duos
1394 4658 1635 4704 menses
1683 4642 1826 4722 post
1872 4641 2052 4704 suum
2099 4638 2335 4703 obitum
2404 4636 2849 4702 commissariis
2897 4635 3024 4700 suis
3071 4633 3308 4698 libras-

536 4715 925 4784 denariorum
973 4720 1351 4787 Venetorum
1398 4725 1590 4805 mille,
1639 4727 2040 4808 postmodum
2090 4744 2231 4792 vero
2271 4725 2508 4790 solvero
2555 4722 2779 4788 debeat
2822 4721 3054 4788 eisdem
3101 4739 3266 4785 com-
