3620 5282
2952 369 3081 434 285

564 540 716 607 Cum
760 542 979 625 quibus
1048 544 1336 626 gentibus
1383 544 1586 609 dictus
1655 545 2012 628 capitaneus
2082 544 2303 610 debeat
2368 545 2683 609 intendere
2730 544 2804 609 ad
2854 563 3079 626 procu-

360 628 611 693 randum
662 631 955 695 honorem
1006 633 1285 696 nostrum
1332 635 1397 697 et
1443 634 1709 697 salutem
1759 637 1824 698 et
1870 632 2279 697 defensionem
2329 634 2637 695 terrarum
2685 634 2751 695 et
2797 630 3074 696 fidelium

359 721 704 782 nostrorum
768 721 832 782 et
880 718 1173 782 bonorum
1232 738 1516 797 suorum,
1581 723 1644 784 et
1689 722 1857 784 stare
1904 723 1967 784 et
2029 722 2116 785 ire
2162 738 2304 783 cum
2351 722 2481 783 toto
2543 721 2608 783 et
2652 722 2829 802 parte
2883 719 3077 801 ipsius

353 807 556 886 gentis
602 804 708 868 ubi
754 806 819 869 et
864 805 1026 870 sicut
1073 807 1127 870 ei
1178 806 1397 871 melius
1445 825 1554 889 pro
1600 808 1828 871 honore
1877 809 2085 872 nostro
2138 807 2463 886 videbitur,
2517 810 2582 871 et
2628 807 2790 871 sicut
2825 826 2931 889 per
2969 825 3078 871 nos

352 892 470 957 sibi
518 892 732 957 datum
780 892 968 957 fuerit
1010 893 1070 957 in
1121 894 1448 958 mandatis.

448 1026 456 1033 -
563 981 645 1045 Et
689 979 941 1044 sindicis
988 981 1249 1045 istarum
1300 984 1599 1046 terrarum
1646 986 2032 1060 nostrarum,
2095 982 2197 1063 qui
2246 984 2391 1045 sunt
2437 981 2559 1058 hic,
2608 981 2873 1058 dicatur,
2924 983 3077 1063 quod

352 1068 519 1131 istud
568 1068 871 1150 elegimus
919 1069 984 1131 et
1028 1068 1319 1150 eligimus
1372 1088 1479 1151 pro
1528 1070 1685 1133 bono
1731 1073 1794 1134 et
1841 1069 2307 1135 conservacione
2354 1088 2496 1145 sua,
2550 1072 2613 1133 et
2657 1071 2796 1151 quia
2853 1069 2950 1132 illi
3002 1069 3077 1132 de

354 1155 637 1231 Sibenico
686 1157 751 1219 et
794 1155 1090 1237 Tragurio
1137 1157 1356 1237 petunt
1403 1157 1588 1233 istud,
1640 1157 1733 1221 illi
1781 1159 1993 1221 autem
2041 1156 2115 1219 de
2165 1156 2681 1238 Spaleto‘dicunt,
2730 1157 2890 1240 quod
2928 1157 3076 1220 licet

357 1261 471 1305 non
520 1243 713 1307 faciat
757 1260 865 1324 pro
911 1242 998 1306 eis
1046 1243 1531 1325 paysanaticum,
1582 1244 2021 1310 nichilominus
2046 1245 2247 1326 parati
2294 1247 2442 1308 sunt
2486 1243 2734 1307 obedire
2779 1244 2921 1319 hiis,
2956 1263 3075 1326 que

355 1348 462 1411 per
507 1348 617 1394 nos
667 1329 900 1393 fuerint
945 1329 1249 1408 ordinat-a,
1302 1331 1542 1395 dicatur
1590 1333 1677 1395 eis
1714 1350 2018 1414 expresse,
2073 1333 2136 1395 et
2176 1330 2546 1396 inducantur
2582 1350 2721 1395 cum
2773 1331 2897 1395 illis
2942 1351 3076 1395 ver-

355 1418 473 1495 bis,
522 1437 640 1501 que
687 1416 1094 1481 dominacioni
1145 1418 1533 1497 videbuntur,
1587 1418 1674 1484 ita
1720 1419 1883 1501 quod
1944 1422 2411 1494 contententur,
2477 1422 2551 1483 et.
2604 1419 2764 1500 quod
2815 1420 2923 1483 fiat
2968 1438 3076 1502 per

356 1524 478 1582 eoS,
528 1507 599 1568 ut
644 1504 923 1586 superius
971 1503 1202 1568 dictum
1253 1507 1368 1569 est.
1420 1506 1519 1568 71.

569 1590 802 1675 Capta:
852 1591 1012 1674 quod
1061 1593 1382 1675 elongetur
1425 1595 1722 1658 terminus
1770 1595 2055 1658 omnibus
2082 1593 2459 1675 sapientibus
2509 1612 2614 1677 per
2665 1597 2865 1659 totum
2904 1613 3077 1658 men-

353 1700 484 1744 sem
532 1679 876 1743 decembris
923 1679 1221 1744 futurum.

439 1771 634 1840 Misti,
686 1769 967 1829 XXVII.
1014 1774 1114 1839 44,
1163 1789 1203 1828 u
1250 1772 1588 1830 mletaekom
1634 1773 1867 1832 arkivu.

522 1958 1092 2042 CCCCXXVI.
1150 1956 1331 2039 God
1371 1956 1593 2040 1355.
1646 1956 1754 2040 30
1809 1957 2306 2057 studenoga,
2363 1980 2422 2039 ιι
2474 1959 2864 2041 Mletcih.

1136 2082 1185 2142 Ο
1230 2085 1431 2163 iaboru
1477 2084 1790 2142 nacelnika
1837 2084 2302 2143 domobranstva.

569 2190 752 2267 1355.
805 2203 1137 2267 indictione
1190 2202 1301 2279 lX,
1352 2202 1448 2266 die
1497 2204 1845 2284 penultimo
1895 2204 2264 2281 novembriS,
2329 2206 2545 2287 capta:
2606 2205 2760 2287 quod
2813 2207 2927 2270 iste
2975 2225 3075 2271 ca-

358 2291 642 2373 pitaneus
690 2290 1069 2374 paysenatici
1112 2290 1430 2355 Sclavonie
1477 2290 1587 2353 fiat
1635 2311 1740 2373 per
1789 2294 2047 2373 quatuor
2092 2311 2306 2354 manus
2341 2292 2707 2356 electionum
2759 2294 2818 2356 in
2855 2292 3071 2358 maiori
3165 2314 3174 2321 ·

355 2379 633 2457 consilio,
683 2379 1080 2461 approbando
1130 2377 1360 2442 electos
1405 2378 1480 2441 ad
1527 2397 1719 2441 unum
1759 2379 1836 2440 ad
1889 2398 2097 2457 unum,
2138 2381 2202 2442 et
2251 2379 2356 2442 ille
2404 2380 2507 2462 qui
2532 2379 2820 2444 habuerit
2865 2380 3072 2463 plures

360 2466 647 2544 ballotaS,
694 2466 974 2530 habendo
1024 2465 1319 2529 maiorem
1368 2468 1608 2548 partem
1654 2465 1918 2542 consilii,
1968 2466 2052 2530 sit
2077 2467 2311 2530 firmus,
2362 2467 2441 2530 Et
2490 2467 2542 2530 si
2593 2486 2769 2531 nemo
2817 2469 3075 2533 haberet

358 2553 648 2618 maiorem
700 2556 943 2636 partem
994 2553 1257 2629 consilii,
1306 2552 1417 2617 fiat
1461 2553 1681 2617 electio
1726 2572 1760 2617 a
1806 2554 2028 2634 capite.
2084 2553 2166 2617 Et
2210 2556 2307 2617 est
2357 2558 2604 2636 captum
2657 2573 2760 2636 per
2806 2557 3075 2637 quinque

347 2640 752 2720 consiliarios,
800 2640 1046 2705 XXXII
1091 2640 1166 2705 de
1214 2640 1341 2717 XL,
1393 2645 1455 2705 et
1497 2636 1650 2705 duas
1699 2643 1901 2722 partes
1949 2641 2201 2706 maioris
2248 2641 2509 2706 consilii.

436 2732 647 2791 Maius
694 2731 1038 2791 Gens-ileum.
1070 2732 1319 2790 Novella
1367 2734 1468 2801 42,
1515 2750 1557 2790 u
1603 2733 1820 2790 arkivu
1855 2733 2212 2791 mletackom.

560 2919 1164 3003 CCCCXXVII.
1237 2919 1444 3002 God.
1501 2920 1724 3003 1355.
1776 2920 1826 3002 3
1880 2921 2308 3020 prosince,
2364 2942 2423 3001 ιι
2481 2921 2870 3004 Mletcih.

352 3046 661 3120 Ovlasc'uje
700 3063 761 3106 se
793 3047 1090 3119 providur
1134 3046 1297 3105 iduc'i
1341 3048 1379 3105 k
1424 3048 1731 3105 s-rbskomu
1773 3047 1993 3118 kralju,
2040 3047 2119 3104 da
2165 3065 2246 3104 na
2279 3048 2469 3118 jaune
2513 3050 2627 3105 ime
2676 3066 2841 3108 uzme
2885 3068 2926 3108 u
2971 3069 3072 3110 za·
3149 3106 3153 3110 ⁴

1158 3135 1293 3207 jam
1340 3152 1514 3192 novoe
1558 3136 1839 3207 potrebite
1883 3152 1983 3191 nau
2029 3151 2101 3192 sa
2133 3138 2266 3206 put.

575 3255 756 3319 1355,
800 3253 1131 3317 indictione
1182 3252 1290 3331 IX,
1342 3253 1438 3317 die
1486 3254 1579 3316 III
1627 3253 1989 3331 decembris,
2038 3254 2255 3336 capta:
2306 3253 2467 3336 quod
2501 3272 2599 3317 ser
2628 3254 2897 3320 Jacobus
2925 3256 3073 3322 Del·
3173 3295 3220 3344 ,ἐν

351 3343 553 3426 phyno
601 3342 877 3424 provisor
920 3342 985 3404 in
1033 3340 1311 3421 partibus
1362 3340 1719 3418 Solemnis,
1770 3343 1872 3422 qui
1923 3344 2016 3404 est
2079 3341 2276 3405 iturus
2338 3342 2414 3404 ad
2480 3342 2797 3406 dominum
2860 3363 3070 3427 regem

350 3429 562 3506 Raxie,
613 3429 812 3513 possit
852 3428 1129 3509 accipere
1172 3429 1491 3509 pecuniam
1542 3431 1755 3492 mutuo
1802 3433 1866 3491 et
1913 3448 2020 3510 per
2051 3429 2359 3492 cambium
2394 3431 2458 3493 et
2493 3429 2568 3492 ad
2604 3448 2844 3512 presam
2882 3452 3068 3514 super

350 3520 627 3582 nostrum
677 3534 1002 3581 commune
1048 3534 1156 3596 pro
1200 3518 1479 3596 expensis
1527 3517 1925 3579 neccessariis
1974 3516 2069 3580 vie
2116 3535 2242 3580 sue.

430 3608 610 3666 Misti
654 3601 943 3666 XXVII.
986 3608 1087 3676 47,
1126 3624 1169 3663 u
1209 3607 1550 3664 mletabkom
1597 3609 1834 3665 arkivu.

595 3792 1259 3877 CCCCXXVIII.
1313 3793 1520 3876 God.
1575 3794 1799 3878 1355.
1856 3793 1904 3875 5
1960 3795 2390 3896 prosince,
2442 3818 2501 3877 ιι
2556 3797 2825 3896 Pagu.

351 3922 518 3981 Knez
553 3921 734 3994 paiki
779 3921 1019 3992 naproti
1066 3921 1297 3978 cuibam
1349 3909 1621 3998 Ninjami
1666 3922 2004 3993 izvies‘duje,
2067 3922 2146 3979 da
2205 3939 2281 3979 on
2349 3923 2496 3980 rado
2543 3923 2677 3996 daje
2729 3924 2941 3982 zaklon
2985 3941 3071 3984 na

719 4009 893 4067 otoku
938 4008 1200 4080 njihovoj
1244 4010 1438 4065 marvi
1481 4026 1524 4065 u
1569 4011 1782 4068 vrieme
1827 4010 2302 4082 neprijatelq'skih
2346 4010 2714 4082 napadam'a.

560 4126 995 4191 Illustrissimo
1063 4129 1127 4191 et
1188 4127 1423 4193 excelso
1486 4128 1731 4192 domino
1796 4148 1907 4193 suo
1953 4130 2200 4193 domino
2260 4128 2528 4194 Johauni
2574 4130 2918 4194 Gradonico
2971 4131 3069 4196 dei

357 4216 567 4297 gracia
616 4214 1042 4292 veneciarum,
1092 4214 1412 4279 Dalmacie
1470 4217 1654 4298 atque
1704 4214 1995 4281 Crohacie
2056 4216 2269 4280 inclito
2315 4216 2490 4293 duci,
2555 4217 2802 4282 domino
2850 4220 3064 4300 quarte

352 4304 544 4384 partis
592 4306 655 4367 et
700 4303 951 4366 dimidie
992 4303 1189 4367 tocius
1235 4302 1478 4384 imperii
1525 4303 1842 4367 Romanie.

564 4390 968 4455 Serenissime
1016 4389 1260 4454 domine
1296 4392 1413 4453 mi!
1450 4388 1854 4454 Celsitudinis
1883 4394 2084 4456 vestre
2129 4392 2363 4469 literas,
2412 4390 2587 4456 datas
2614 4393 3070 4473 quartodecimo

347 4476 443 4541 die
490 4477 720 4542 mensis
763 4477 1112 4542 novembris
1157 4478 1431 4559 proxime
1479 4477 1778 4560 preteriti,
1830 4478 2094 4543 secundo
2120 4480 2350 4544 mensis
2383 4479 2675 4542 instantis
2721 4484 3068 4544 reverenter

348 4566 410 4628 et
450 4564 848 4629 devotissime
896 4565 1098 4646 recepi
1145 4566 1206 4627 in
1252 4564 1468 4643 forma,
1517 4564 1675 4647 quod
1720 4565 1933 4630 fideles
1967 4567 2154 4630 vestri
2180 4564 2500 4630 Nonenses
2547 4564 2818 4629 dominio
2860 4569 3065 4631 vestro

348 4652 688 4734 exposuisse
736 4651 1079 4736 querellam
1126 4654 1536 4716 monstratam
1585 4671 1765 4733 super
1814 4671 1899 4731 eo,
1950 4654 2107 4733 quod
2155 4654 2306 4733 ipsis
2354 4653 2894 4734 transfugantibus
2942 4672 3057 4718 sua

347 4739 635 4806 animalia
678 4741 754 4805 ad
800 4741 1075 4805 vestram
1116 4738 1379 4804 insulam
1429 4739 1585 4824 Pagi
1631 4744 1879 4824 propter
1922 4739 2225 4804 currerias
2259 4739 2753 4806 adversariorum
2799 4739 3064 4803 dominii
