3620 5282
3089 344 3166 408 21

450 509 699 575 bladum
750 513 1010 578 vendere
1056 514 1277 579 debeat
1313 533 1421 597 pto
1469 516 1691 599 preci0,
1742 537 1862 599 quo
1923 535 2249 582 commune
2312 521 2590 582 nostrum
2661 517 2852 582 nichil
2900 520 3169 597 amittat,

446 600 520 662 ut
564 617 705 662 cum
744 601 1104 701 integritate
1174 603 1344 667 nobis
1406 603 1653 669 mittere
1714 606 1910 686 possit
1972 604 2168 670 dictos
2226 605 2507 670 denarios
2570 610 2812 672 exactos
2874 608 2949 671 de
2997 608 3176 671 blado

442 687 721 769 predicto
764 689 1048 770 quociens
1094 691 1170 755 ab
1219 710 1288 756 eo
1338 692 1692 757 duxerimus
1740 694 2195 776 requirendum.

642 774 890 857 Capta:
938 780 1094 860 quod
1140 778 1444 843 terminus
1491 782 1839 862 sapientum
1890 781 2207 846 Sclavonie
2254 781 2576 866 elongetur
2629 803 2737 866 per
2770 786 2972 848 toturn
3004 802 3176 847 men-

443 882 580 927 sem
627 866 996 946 septembris
1039 865 1249 931 futuri.
1825 914 1832 921 ‚

656 951 909 1018 Electus
955 954 1197 1036 sapiens
1225 954 1546 1020 Sclavonie
1593 957 1724 1020 loco
1772 977 1870 1021 ser
1898 957 2215 1022 Hermolai
2256 958 2423 1023 Zane
2470 977 2568 1023 ser
2591 959 2814 1023 Petrus
2841 960 2916 1023 de
2938 958 3174 1024 Canali.

533 1042 693 1102 Secr.
739 1062 895 1103 cons,
942 1050 1127 1119 νομαί.
1176 1045 1251 1105 Α.
1297 1047 1400 1115 84,
1449 1065 1491 1105 u
1532 1048 1873 1108 mletackom
1922 1050 2158 1108 arkivu.

764 1234 1085 1315 XXVI.
1162 1236 1367 1317 God.
1424 1236 1641 1319 1347.
1697 1237 1792 1319 27
1846 1238 2293 1340 kolovoza‚
2346 1262 2402 1321 u
2462 1240 2852 1322 Mletcill.

445 1360 682 1422 Nalaie
725 1379 787 1421 se
833 1364 1021 1421 knezu
1066 1363 1477 1433 zadarskomu,
1524 1366 1676 1422 nelca
1736 1367 1960 1439 nastoji
1981 1410 1994 1435 ‚
2054 1367 2133 1424 da
2176 1383 2238 1425 se
2293 1368 2490 1440 media
2535 1368 2769 1426 knezom
2821 1367 3114 1442 Gryurom
3151 1369 3174 1426 i

443 1451 788 1509 Mladinom
836 1451 1032 1509 barem
1075 1452 1347 1523 primirje
1390 1469 1465 1511 za
1508 1452 1662 1511 sada
1723 1456 1999 1523 utanaci,
2039 1455 2061 1512 i
2118 1455 2272 1513 nelca
2333 1456 2635 1529 ondjas‘nq'e
2693 1457 2981 1529 vojnictvo
3028 1474 3170 1529 pre-

1063 1540 1254 1613 yleda.
1299 1538 1708 1599 Zadarskomu
1754 1542 2008 1601 liecniku
2052 1544 2333 1615 povisena
2356 1545 2560 1616 placa.

668 1659 851 1723 1347.
901 1659 1001 1725 die
1048 1659 1293 1725 XXVII
1341 1663 1612 1744 augusti,
1661 1665 1873 1745 capta:
1923 1663 2083 1746 quod
2132 1664 2439 1728 scribatur
2484 1665 2698 1730 comiti
2740 1666 2806 1729 et
2852 1665 3176 1747 capitaneo

436 1748 635 1815 Jadre
672 1766 742 1813 ac
789 1747 917 1812 eius
968 1748 1334 1812 consiliariis
1376 1748 1439 1813 in
1488 1750 1604 1814 hac
1651 1750 1870 1815 forma.

655 1836 875 1900 Plures
922 1836 1164 1901 litteras
1212 1839 1451 1901 vestras
1487 1839 1830 1919 recepimus
1877 1858 2061 1922 super
2108 1840 2323 1905 multis
2366 1842 2428 1906 et
2474 1840 2735 1904 diversis
2795 1841 3172 1904 mentionem

438 1926 700 2009 agentes
746 1943 885 1989 cum
929 1924 1161 1989 litteris
1206 1926 1450 1989 comitis
1496 1925 1780 2009 Gregorii
1826 1928 1891 1991 et
1936 1927 2256 2003 Maladini,
2322 1928 2696 2012 quibusdam
2745 1927 3018 2011 ipsarum
3066 1927 3175 1992 lit-

438 2017 594 2080 teris
641 2013 1017 2090 interclusis,
1065 2012 1140 2078 ad
1185 2032 1337 2095 quas
1370 2014 1541 2078 vobis
1581 2016 1969 2097 presentibus
1999 2017 2455 2099 respondemus
2506 2018 2670 2098 quod
2699 2016 3173 2094 considerantes,

441 2105 516 2167 ut
561 2101 845 2166 novimus
894 2121 1001 2184 per
1048 2100 1293 2166 litteras
1357 2101 1507 2167 dicti
1572 2102 1819 2169 comitis
1867 2103 2183 2187 Gregorii,
2232 2104 2389 2186 quod
2437 2105 2571 2187 ipse
2638 2122 2845 2169 comes
2913 2123 3029 2167 nou
3079 2106 3176 2168 est

435 2209 626 2255 ausus
673 2189 929 2255 Jadram
977 2190 1264 2254 accedere
1313 2189 1534 2254 timore
1590 2192 1952 2273 perditionis
2013 2211 2120 2256 sue
2185 2211 2436 2276 persone
2485 2195 2549 2257 et
2599 2211 2888 2268 suorum;
2958 2192 3021 2256 et
3064 2210 3171 2274 op-

433 2281 646 2344 tantes
690 2297 799 2360 pro
847 2279 1000 2342 bono
1064 2281 1127 2341 et
1189 2279 1517 2343 securitate
1583 2284 1934 2344 nostrorum
1983 2278 2301 2344 Sclavonie
2372 2281 2718 2363 quamlibet
2778 2279 3058 2345 scandali
3108 2283 3172 2345 et
3231 2262 3260 2311 ’ί

437 2366 664 2433 erroris
710 2366 871 2430 inter
914 2366 1078 2448 ipsos
1125 2367 1381 2431 comites
1428 2366 1794 2449 Gregorium
1855 2370 1919 2432 et
1963 2369 2349 2433 Maladinum
2415 2370 2779 2433 existentem
2845 2367 3170 2433 materiam

430 2473 765 2531 removere,
807 2457 870 2518 et
919 2454 1077 2537 quod
1123 2473 1241 2538 pax
1289 2455 1388 2518 vel
1434 2457 1692 2538 treugua
1739 2455 1850 2520 fiat
1896 2456 2052 2520 inter
2099 2458 2284 2539 ipsoS,
2335 2457 2507 2521 vobis
2534 2458 2861 2521 scribimus
2893 2460 2956 2520 et
2993 2474 3169 2521 man-

429 2545 675 2620 damus,
723 2544 1023 2625 quatenus
1068 2561 1209 2608 cum
1256 2542 1423 2606 omni
1470 2543 1857 2608 solicitudine
1903 2546 2263 2627 procuretiS,
2310 2545 2630 2610 mittentes
2680 2545 2986 2627 quandam
3035 2545 3168 2609 ido-

434 2651 618 2697 neam
668 2649 990 2714 personam
1034 2630 1441 2696 sufficientem
1490 2632 1553 2696 et
1597 2631 1841 2698 fidelem
1890 2633 1967 2697 ad
2014 2632 2251 2700 dictum
2299 2635 2587 2698 comitem
2617 2631 3009 2717 Gregorium,
3055 2653 3162 2716 per

439 2738 629 2805 quam
680 2721 945 2784 tractare
988 2720 1239 2802 possitis
1300 2739 1408 2803 per
1455 2719 1635 2784 illum
1696 2722 1975 2801 modum,
2041 2721 2144 2805 qui
2206 2723 2377 2787 vobis
2436 2722 2775 2799 videbitur,
2839 2720 2997 2803 quod
3043 2740 3163 2804 pax

433 2810 550 2874 fiat
596 2809 757 2872 inter
802 2809 968 2890 ipsos
1016 2808 1274 2873 comites
1338 2806 1707 2889 Gregorium
1770 2811 1833 2873 et
1879 2809 2262 2874 Maladinum
2325 2810 2419 2874 vel
2495 2810 2703 2875 saltim
2752 2810 3048 2891 treugua‚
3099 2810 3165 2874 et

434 2915 627 2982 quam
676 2896 921 2979 longius
967 2899 1216 2978 tempus
1264 2897 1397 2961 fieri
1443 2897 1766 2978 poteritis;
1834 2916 1953 2981 qua
1999 2898 2181 2972 facta,
2242 2899 2633 2980 postmodum
2695 2896 3158 2979 providebimus

436 2987 520 3050 de
562 2983 1052 3049 reconciliatione
1100 2988 1163 3049 et
1209 3003 1358 3066 pace
1407 2984 1604 3049 fienda
1649 2985 1809 3050 inter
1856 2987 2019 3067 ipsos
2064 2986 2339 3063 comites,
2388 2987 2457 3050 ut
2497 2985 2804 3050 videbitur
2852 2985 3154 3068 expedire.

437 3072 778 3139 Habebant
824 3073 1013 3136 etiam
1063 3075 1264 3137 vestre
1311 3072 1520 3137 littere
1566 3074 1933 3156 supradicte,
1985 3073 2143 3156 quod
2194 3075 2441 3157 propter
2486 3073 2807 3156 penuriam
2869 3072 3035 3138 bladi
3098 3075 3163 3137 et

433 3159 820 3237 victualium,
869 3180 985 3242 que
1031 3160 1105 3224 ad
1155 3179 1405 3243 presens
1452 3163 1547 3225 est
1592 3161 1655 3226 in
1701 3160 1914 3240 Jadra,
1962 3167 2023 3226 et
2068 3165 2315 3245 propter
2340 3163 2814 3227 diminutionem
2849 3161 3160 3244 stipendii,

430 3251 609 3335 quasi
658 3266 870 3313 omnes
918 3249 1058 3313 boni
1106 3248 1493 3331 stipendiarii
1540 3248 1794 3331 pedites,
1860 3253 2062 3333 preter
2123 3251 2550 3328 comestabiles
2575 3299 2590 3327 ,
2653 3251 3048 3325 recesserant,
3098 3250 3162 3313 et

431 3337 626 3404 simili
676 3337 855 3401 modo
899 3336 1383 3418 exquerebantut
1422 3338 1804 3420 stipendiarii
1853 3339 2127 3420 equites;
2174 3341 2237 3402 et
2281 3341 2600 3421 propterea
2649 3338 3018 3402 mandamus
3053 3355 3159 3401 vo-

432 3428 553 3504 bis,
602 3427 943 3490 monstram
989 3425 1333 3508 generalem
1399 3425 1676 3507 equitum
1739 3429 1803 3491 et
1863 3426 2141 3509 peditum
2190 3445 2294 3490 vos
2357 3446 2558 3491 comes
2614 3426 2814 3490 facere
2876 3425 3154 3489 debeatis

432 3534 543 3598 per
591 3514 772 3578 illum
812 3514 1081 3591 modum,
1130 3513 1235 3596 qui
1286 3513 1456 3578 vobis
1505 3514 1829 3592 videbitur,
1882 3516 2074 3596 ipsam
2123 3533 2231 3598 per
2279 3519 2509 3579 vestras
2556 3515 2802 3578 litteras
2849 3514 3026 3578 nobis
3058 3531 3155 3576 or-

429 3605 643 3668 dinate
690 3604 754 3666 et
799 3601 1037 3665 solicite
1081 3600 1466 3666 denotantes.
1518 3601 1804 3667 Ceterum
1856 3622 1994 3667 cum
2044 3622 2151 3685 per
2211 3605 2450 3667 vestras
2492 3603 2737 3668 litteras
2784 3603 2958 3666 nobis
3006 3599 3154 3665 inti-

433 3689 776 3768 maveritiS,
825 3690 984 3772 quod
1034 3690 1333 3772 magister
1379 3688 1609 3773 Symon
1656 3691 1731 3755 de
1779 3691 1986 3772 Eirmo
2033 3691 2334 3767 Phisicus,
2367 3692 2470 3774 qui
2517 3691 2715 3774 primo
2759 3690 3029 3755 habebat
3073 3688 3149 3752 de

428 3779 659 3845 salario
704 3778 958 3843 ducatos
1000 3777 1298 3842 ducentos
1339 3782 1402 3842 et
1448 3778 1662 3843 decem
1708 3781 1771 3843 et
1816 3797 2032 3843 novem
2073 3798 2182 3861 pro
2227 3778 2425 3858 domo,
2485 3781 2731 3862 propter
2778 3778 3006 3842 dictam
3055 3777 3148 3840 di—

430 3867 837 3933 minutionem
884 3866 1366 3943 renunciaverat,
1417 3884 1525 3931 nos
1569 3869 1959 3932 attendentes
2006 3869 2083 3932 ad
2129 3866 2502 3931 laudabilem
2549 3865 3151 3931 recomendacionem

426 3960 496 4023 et
537 3957 933 4039 probitatem,
984 3973 1166 4038 quam
1214 3954 1391 4019 nobis
1436 3954 1512 4019 de
1558 3956 1689 4037 ipso
1742 3955 2037 4038 predictis
2099 3955 2321 4020 vestris
2378 3955 2609 4019 litteris
2657 3952 3148 4029 demonstrastis,

426 4047 486 4112 ei
532 4044 788 4109 ducatos
833 4043 1050 4126 viginti
1100 4043 1423 4106 annuatim
1471 4042 1752 4108 duximus
1807 4043 2230 4127 munigendoS,
2296 4042 2386 4107 ita
2430 4043 2589 4127 quod
2650 4042 2876 4108 habeat
2922 4041 2997 4104 de
3049 4060 3149 4105 sa-

424 4134 585 4199 lario
630 4132 889 4197 ducatos
935 4137 1181 4196 centum
1229 4134 1292 4195 et
1339 4130 1579 4214 viginti,
1628 4134 1692 4196 et
1737 4133 1943 4197 decem
1992 4133 2054 4195 et
2098 4150 2316 4196 novem
2364 4150 2472 4213 pro
2519 4131 2748 4195 domo
2733 4150 2796 4193 m
2828 4148 3006 4206 anno,
3042 4128 3146 4211 qui

424 4224 482 4289 si
529 4241 673 4287 cum
719 4220 888 4285 dicto
934 4219 1160 4284 salario
1207 4218 1572 4283 ducatorum
1618 4223 1869 4285 centum
1909 4219 2151 4302 viginti,
2200 4222 2264 4284 et
2310 4219 2519 4283 decem
2568 4237 2785 4283 novem
2830 4237 2938 4301 pro
2963 4178 3145 4282 domo

421 4309 751 4378 annuatim
792 4310 961 4373 stare
1007 4308 1334 4385 recusaret,
1385 4308 1559 4373 nobis
1605 4308 1977 4384 rescribatis
2027 4309 2168 4389 quia
2203 4308 2302 4371 hic
2349 4306 2424 4371 de
2472 4326 2588 4372 uno
2635 4306 2756 4371 alio
2801 4305 2973 4371 vobis
3005 4324 3145 4388 pro-

422 4398 775 4465 videbimus
824 4397 1316 4460 transmittendo.

514 4491 676 4552 δεον.
724 4506 882 4548 cons.
929 4506 1048 4563 roy.
1098 4486 1173 4546 A.
1223 4489 1325 4558 85,
1372 4506 1416 4545 u
1462 4488 1677 4547 arkivu
1722 4488 2078 4548 mletackom.
