3620 5282
490 405 618 470 140

487 581 679 645 terius
727 601 846 647 non
894 581 1153 664 petendo
1200 600 1309 646 nec
1357 602 1471 647 non
1522 585 1595 646 de
1644 584 1936 666 predictis
1983 583 2267 648 omuibus
2326 584 2391 647 et
2449 582 2713 665 singulis
2772 599 2883 665 per
2945 583 3210 663 accepti-

485 669 778 733 lationem
825 671 889 732 et
931 670 1306 751 aquilianam
1358 670 1822 751 stipulationem
1878 672 2080 735 verbis
2129 671 2510 734 solemnibus
2557 675 2620 734 et
2662 671 2962 753 legitimis
3024 671 3210 734 inter-

485 757 715 837 positas
749 757 1024 837 plenarie
1071 776 1203 821 sese
1250 759 1516 822 invicem
1568 759 1878 822 liberando
1925 761 1991 822 et
2033 759 2149 822 sibi
2218 760 2431 822 mutuo
2496 758 2560 822 et
2620 758 2892 822 vicissim
2955 758 3210 840 promit-

487 846 689 906 tentes
732 844 952 907 bonam
1001 847 1065 908 et
1105 865 1313 909 veram
1364 864 1599 927 pacem,
1650 846 1941 928 predictis
2008 865 2123 909 non
2188 845 2604 921 obstantibus’,
2655 849 2945 927 perpetuo
3005 846 3208 908 obser-

493 950 653 1009 vare,
703 934 765 994 et
803 932 960 1012 quod
1008 933 1431 997 occasionibus
1472 934 1843 1015 supradictis
1892 953 2002 998 nec
2047 932 2255 1015 aliqua
2300 952 2510 996 earum
2558 934 2732 997 nulla
2755 934 2817 996 in
2846 934 3202 1014 perpetuum

485 1019 583 1097 lis,
632 1019 936 1094 molestia,
985 1021 1403 1084 contraversia
1447 1021 1542 1085 vel
1589 1022 1906 1113 requisitio
1946 1021 2051 1084 fiet
2099 1021 2193 1085 vel
2245 1021 2587 1084 movebitur
2610 1039 2720 1102 per
2749 1038 2937 1084 unam
2972 1024 3205 1097 partem

485 1110 699 1169 contra
758 1107 944 1170 aliam
1013 1109 1107 1171 vel
1175 1128 1284 1190 per
1355 1110 1701 1192 singulares
1771 1127 2065 1191 personas
2137 1108 2317 1171 nnius
2376 1109 2572 1190 partis
2617 1109 2833 1173 contra
2876 1107 3061 1172 aliam
3110 1107 3205 1171 vel

485 1196 699 1256 contra
746 1194 1090 1276 singulares
1141 1215 1428 1276 personas
1471 1198 1728 1261 alterius
1775 1196 1993 1278 partis,
2056 1194 2408 1277 complices,
2472 1195 2858 1274 adherenteS,
2915 1194 3206 1259 valitores

490 1281 585 1343 vel
632 1300 927 1363 sequaces
975 1283 1247 1364 ipsarum
1293 1285 1564 1366 partium
1617 1284 1713 1348 vel
1759 1285 2017 1349 alterius
2064 1300 2273 1347 earum
2333 1284 2391 1345 in
2441 1282 2663 1347 iudicio
2708 1283 2806 1347 vel
2858 1284 3031 1347 extra
3074 1283 3204 1345 tam

486 1367 560 1430 de
612 1369 740 1432 iure
786 1387 971 1450 quam
1021 1372 1093 1434 de
1139 1371 1320 1435 sacto.

694 1458 852 1519 Item
899 1456 1014 1521 suit
1058 1462 1266 1523 actum
1314 1460 1474 1523 inter
1518 1459 1714 1524 dictas
1763 1462 1970 1541 partes
2018 1458 2369 1523 nominibus
2413 1458 2726 1542 predictis,
2774 1457 2938 1540 quod
2996 1475 3207 1521 omnes

487 1543 738 1625 captivi,
788 1547 1082 1610 carcerati
1133 1551 1194 1610 et
1241 1546 1472 1611 detenti
1535 1547 1807 1629 partium
1873 1546 2288 1628 predictarum
2350 1553 2410 1611 et
2472 1545 2805 1610 cuiuslibet
2862 1564 3076 1609 earum
3137 1562 3204 1608 ac

483 1630 868 1695 subditorum
916 1633 1186 1714 ipsarum
1237 1634 1505 1716 partium
1557 1635 1927 1717 ubicumque
1974 1634 2101 1699 siut
2168 1636 2233 1699 et
2289 1653 2469 1716 penes
2534 1652 2985 1716 quemcumque
3039 1632 3204 1714 capti

490 1720 581 1782 vel
629 1718 861 1782 detenti
913 1720 1144 1785 fuerint
1190 1724 1251 1785 et
1298 1721 1668 1804 quicumque
1715 1722 1842 1786 sint
1887 1722 2017 1786 sive
2063 1723 2226 1803 capti
2294 1721 2420 1785 sint
2466 1740 2575 1803 per
2619 1720 2787 1802 ipsas
2857 1721 3064 1802 partes
3110 1720 3202 1783 vel

488 1811 705 1888 gentes
755 1806 1024 1888 ipsarum
1079 1808 1176 1873 vel
1221 1810 1565 1891 singulares
1613 1829 1903 1891 personas
1950 1829 2058 1874 seu
2119 1809 2548 1891 stipendiarios
2610 1810 2884 1890 ipsarum
2934 1806 3205 1889 partium

489 1896 554 1957 et
595 1895 927 1959 cuiuslibet
973 1914 1183 1960 earum
1233 1899 1362 1960 sive
1409 1898 1597 1961 etiam
1640 1899 1693 1961 si
1739 1896 1971 1962 fuerint
2018 1896 2251 1962 detenti
2310 1897 2372 1961 in
2439 1898 2666 1961 virtute
2730 1916 2839 1961 seu
2901 1897 3205 1977 potestate

491 1980 765 2063 ipsarum
815 1984 1084 2065 partium
1129 1986 1223 2048 vel
1271 1985 1813 2067 qualiumcumque
1861 1985 2269 2068 singularium
2319 2003 2712 2067 personarum
2771 1983 3206 2064 cuiuscumque

489 2069 855 2135 conditionis
899 2075 963 2135 et
1009 2076 1236 2153 gradus
1282 2073 1426 2148 siut,
1476 2072 1671 2136 libere
1717 2076 1782 2136 et
1826 2074 1959 2136 sine
2021 2073 2227 2155 aliqua
2293 2071 2728 2153 redemptione,
2784 2071 3064 2135 exatione
3110 2071 3204 2135 vel

489 2157 931 2238 impedimento
977 2179 1361 2243 quocumque
1409 2160 1558 2224 reali
1609 2160 1703 2224 vel
1747 2161 2050 2242 personali
2102 2160 2476 2237 relaxentur,
2526 2158 2871 2222 liberentur
2917 2160 2981 2223 et
3030 2178 3208 2242 expe-

487 2245 735 2308 diantur
778 2265 850 2309 ac
896 2248 1308 2313 restituantur
1347 2250 1605 2331 pristine
1657 2250 1955 2312 libertati.

695 2333 854 2397 Item
927 2336 1046 2398 fnit
1111 2339 1317 2400 actum
1389 2336 1551 2399 inter
1620 2340 1825 2417 partes
1898 2336 2201 2417 predictas
2270 2335 2620 2399 nominibus
2668 2333 2981 2418 predictis),
3051 2333 3204 2414 quod

487 2438 700 2484 omnes
742 2421 1048 2497 civitateS,
1094 2428 1318 2501 castra,
1366 2427 1526 2487 terre
1584 2427 1647 2487 et
1714 2424 1868 2499 loca,
1918 2442 2036 2505 que
2109 2430 2384 2505 tempore
2430 2423 2836 2487 incohationis
2906 2420 3207 2502 presentis

487 2527 702 2588 guerre
773 2510 1140 2575 tenebantur
1209 2532 1316 2574 seu
1381 2511 1857 2593 possidebantur
1926 2530 2032 2592 per
2102 2511 2373 2593 aliquam
2437 2509 2710 2592 ipsarum
2780 2509 3049 2591 partium
3098 2526 3205 2570 seu

487 2597 760 2677 ipsarum
812 2600 1075 2678 partium
1108 2599 1387 2663 subditos
1434 2600 1527 2662 vel
1575 2600 1958 2676 adherentes,
1993 2618 2109 2681 que
2146 2601 2203 2663 in
2238 2598 2508 2681 presenti
2544 2616 2764 2681 guerra
2797 2617 2906 2679 per
2939 2595 3207 2676 aliquam

487 2683 761 2764 ipsarum
812 2687 1077 2766 partium
1122 2687 1399 2751 subditos
1467 2688 1566 2750 vel
1635 2688 1998 2751 adherentes
2062 2689 2334 2769 ipsarum
2397 2692 2579 2768 capta
2638 2687 2739 2750 vel
2797 2687 2973 2767 capte
3034 2701 3210 2745 occu·

484 2773 632 2853 pata
679 2773 774 2835 vel
820 2775 1110 2855 occupate
1159 2776 1533 2851 tenerentur,
1587 2775 1937 2838 relaxentur
1984 2777 2050 2838 et
2110 2774 2510 2855 expediantur
2571 2793 2679 2856 per
2726 2776 2968 2855 partem
3032 2788 3210 2834 occu-

486 2862 731 2941 pantem
782 2879 890 2925 seu
936 2863 1248 2926 tenentem
1300 2863 1358 2925 in
1407 2881 1476 2926 eo
1514 2864 1706 2942 statu,
1757 2864 1817 2925 iu
1864 2881 1984 2945 quo
2032 2862 2209 2925 hodie
2253 2862 2417 2940 sunt,
2463 2862 2730 2943 exceptis
2762 2856 3209 2924 munitionibus

486 2947 842 3024 mobilibuS,
893 2969 1046 3031 quas
1093 2951 1221 3033 ipse
1269 2951 1476 3033 partes
1540 2949 1640 3013 vel
1688 2950 1894 3031 aliqua
1955 2950 2228 3029 ipsarum
2285 2949 2627 3030 possuisset
2668 2948 2731 3011 in
2799 2947 2987 3010 dictis
3057 2944 3209 3008 locis

492 3035 586 3097 vel
634 3035 839 3118 aliquo
887 3038 1183 3118 ipsorum,
1246 3058 1397 3122 quas
1462 3037 1654 3102 libere
1713 3038 2019 3120 exportari
2082 3037 2281 3100 facere
2321 3037 2559 3118 possint
2619 3036 2847 3112 taliter,
2897 3033 3055 3117 quod
3101 3031 3208 3098 illa

489 3141 631 3202 pars
675 3125 772 3187 vel
821 3143 1093 3205 persone,
1143 3146 1261 3206 que
1302 3126 1469 3189 dicta
1516 3125 1647 3190 loca
1692 3128 1899 3189 castra
1949 3125 2045 3188 vel
2098 3128 2296 3188 terras
2357 3124 2651 3188 tenebant
2711 3124 2989 3204 tempore
3046 3121 3208 3184 dicte

488 3209 806 3274 inchoacte
849 3231 1086 3294 guerre,
1138 3215 1270 3295 ipsa
1315 3213 1557 3294 possint
1603 3212 1854 3287 intrare,
1903 3215 2109 3276 tenere
2158 3213 2223 3276 et
2247 3213 2488 3275 munire
2532 3212 2620 3275 sic
2668 3213 2735 3276 et
2776 3211 3008 3285 taliter,
3048 3209 3206 3290 quod

486 3296 652 3360 dicta
721 3298 869 3372 loca,
910 3320 1025 3381 que
1094 3302 1236 3364 ante
1306 3303 1655 3382 presentem
1720 3319 2007 3382 guerram
2074 3319 2178 3381 per
2223 3318 2548 3363 commune
2612 3301 2677 3363 et
2722 3296 3204 3362 dominationem

494 3383 894 3448 Veueciaruin
945 3406 1048 3451 seu
1101 3407 1306 3451 eorum
1360 3389 1711 3451 nominibus
1756 3387 2144 3463 tenebantur,
2192 3387 2325 3450 sine
2380 3386 2585 3467 aliquo
2629 3385 3069 3468 impedimento
3131 3381 3210 3445 ad

489 3490 706 3534 manus
776 3476 840 3536 et
899 3477 1267 3554 potestatem
1332 3474 1483 3538 dicti
1542 3477 1883 3539 communis
1946 3474 2349 3539 Veneciarum
2408 3477 2699 3556 poterunt
2762 3471 3076 3555 pervenire
3145 3472 3211 3532 et

493 3560 868 3639 pervenient,
914 3562 966 3624 si
1013 3564 1142 3643 ipsa
1189 3582 1408 3643 capere
1455 3563 1681 3641 volent,
1734 3563 1903 3626 salvo
1932 3561 2065 3626 iure
2111 3561 2535 3643 compromissi
2568 3560 2921 3641 subscripti,
2956 3565 3021 3623 et
3065 3576 3209 3621 con-

489 3645 783 3710 similiter
832 3649 982 3724 loca,
1032 3669 1147 3731 que
1188 3654 1328 3713 ante
1375 3661 1718 3732 presentem
1786 3669 2071 3734 guerram
2136 3669 2240 3730 per
2301 3650 2621 3713 dominnm
2686 3648 3097 3730 patriarcham
3146 3651 3211 3708 et

486 3733 807 3799 ecclesiam
859 3737 1356 3818 Aquilegiensem
1408 3758 1514 3802 seu
1564 3758 1771 3801 eorum
1820 3738 2174 3802 nominibus
2218 3737 2604 3814 tenebantur,
2651 3736 2783 3800 sine
2829 3735 3037 3817 aliquo
3094 3734 3212 3796 ini-

485 3824 837 3903 pedimento
881 3827 957 3887 ad
1004 3845 1221 3888 manus
1268 3828 1331 3888 et
1378 3829 1747 3906 potestatem
1796 3827 1958 3890 dicte
2003 3825 2259 3889 ecclesie
2309 3827 2595 3904 poterunt
2632 3823 2917 3888 devenire
2964 3825 3028 3886 et
3074 3840 3212 3904 pro-

494 3911 741 3974 venient
785 3912 836 3974 si
879 3912 1013 3995 ipsa
1061 3932 1275 3993 capere
1324 3914 1550 3990 volent,
1601 3918 1664 3976 et
1709 3913 1843 3993 ipsa
1890 3918 2097 3975 tenere
2149 3914 2385 3994 possint
2433 3913 2611 3992 prout
2657 3910 2950 3975 tenebant
3004 3913 3068 3974 et
3116 3910 3210 3970 te-

491 4017 631 4061 nere
683 4002 966 4079 poterant
1011 4002 1154 4064 ante
1202 4004 1545 4082 presentem
1595 4019 1881 4082 guerram
1931 4000 1992 4063 in
2063 3999 2229 4063 omni
2293 4002 2357 4062 et
2425 3999 2539 4062 tali
2610 3998 2740 4062 iure
2810 3997 3211 4079 possessionis

489 4091 551 4147 et
599 4087 871 4165 dominii,
922 4090 1142 4170 quibus
1190 4091 1334 4151 ante
1385 4094 1725 4167 presentem
1774 4107 2058 4168 guerram
2087 4089 2473 4158 tenebantur,
2521 4088 2611 4149 ita
2650 4087 2808 4168 quod
2844 4106 2948 4168 per
2979 4086 3207 4148 dictam

488 4176 947 4254 occupationem
1021 4176 1116 4240 vel
1187 4176 1630 4239 relaxationem
1706 4175 1799 4238 vel
1870 4175 2317 4255 expeditionem
2386 4175 2661 4255 ipsarum
2749 4175 3048 4237 terrarum
3115 4171 3207 4234 vel

488 4261 751 4325 alicuius
798 4282 1011 4327 earum
1062 4263 1303 4326 nullum
1348 4266 1444 4326 ius
1487 4264 1560 4326 de
1611 4283 1763 4326 novo
1808 4263 2197 4346 intelligatur
2239 4262 2595 4344 aquisitum,
2645 4263 2896 4324 auctum
2960 4260 3054 4323 vel
3116 4259 3241 4320 di·—

490 4349 796 4413 minutum
847 4351 1032 4414 alicui
1078 4351 1345 4432 ipsarum
1393 4351 1663 4432 partium
1713 4351 1832 4414 nisi
1885 4361 2065 4432 prout
2111 4348 2424 4413 habebant
2467 4355 2610 4412 ante
2652 4350 2996 4430 presentem
3032 4366 3212 4429 guer-

491 4454 657 4498 ram:
706 4440 973 4519 exceptis
1021 4459 1056 4502 a
1103 4438 1394 4520 predictis
1439 4440 1723 4502 omnibus
1772 4442 1835 4502 et
1882 4438 2145 4519 singulis
2190 4437 2440 4500 civitate
2486 4436 2791 4517 Tergesti,
2855 4437 3075 4498 castris
3134 4434 3210 4497 de

488 4522 702 4587 Mucco
749 4529 810 4587 et
858 4526 1244 4604 Mucculano,
1301 4526 1648 4602 territoriiS,
1698 4525 2105 4601 districtibus,
2151 4524 2316 4587 villis
2356 4526 2419 4587 et
2467 4521 2853 4604 pertinentiis
2910 4522 3102 4604 ipsius
3149 4525 3210 4584 et

492 4608 765 4689 ipsarum
815 4615 878 4675 et
923 4612 1254 4677 cuiuslibet
1315 4633 1528 4677 eorum
1593 4633 1734 4677 cum
1798 4613 2079 4677 omnibus
2147 4611 2457 4676 fortiliciis
2526 4615 2590 4674 et
2637 4609 2806 4685 locis,
2869 4628 2983 4691 que
3048 4609 3208 4672 intra

490 4714 698 4760 eorum
747 4699 1141 4763 continentur
1186 4703 1454 4765 confines
1502 4703 1565 4764 et
1610 4700 1971 4765 districtus:
2034 4718 2214 4780 quam
2278 4699 2617 4777 civitatem,
2678 4699 3083 4762 comunitates
3147 4698 3211 4758 et

492 4783 626 4846 loca
677 4784 936 4865 predicti
984 4787 1223 4864 sindici,
1267 4789 1506 4852 actores
1555 4790 1619 4852 et
1662 4789 2087 4869 procuratores
2128 4785 2349 4869 prefati
2397 4785 2630 4850 domini
2691 4785 2864 4849 ducis
2926 4787 2989 4849 et
3048 4802 3213 4848 com-
