3620 5282
268 560 271 571 ·
383 563 493 629 pro
540 564 653 611 suo
698 544 950 612 sallario
995 546 1075 612 ad
1123 564 1372 630 grossos
1419 545 1498 627 ad
1544 545 1690 611 illas
1736 547 2038 625 monetas,
2089 564 2207 628 que
2252 546 2501 611 current
2539 565 2649 629 per
2700 547 3001 630 tempora,
3044 551 3109 615 et

379 632 541 700 sicut
586 635 835 700 current
883 652 993 717 per
1037 635 1341 717 tempora,
1393 636 1457 699 et
1503 633 1666 699 sicut
1711 635 1960 699 current
2021 636 2084 697 in
2132 633 2317 699 terris
2373 634 2604 699 nostris
2651 634 2988 700 Dalmatis.
3021 662 3118 684 —=
3206 716 3212 726 Ι

377 721 540 785 Item
587 722 749 805 quod
795 723 1055 804 utraque
1112 722 1383 804 partium
1442 741 1513 786 ex
1584 740 1744 786 nunc
1805 722 2196 786 contentetur
2250 723 2315 786 et
2375 721 2703 804 promittat
2761 740 2872 805 per
2931 742 3000 789 se
3045 725 3111 788 et

382 827 765 874 successores
812 829 953 876 suos
998 827 1437 893 recognoscere
1476 826 1587 873 nos
1634 813 1698 874 et
1742 827 2065 875 commune
2112 808 2516 874 Venetiarum
2549 827 2659 893 pro
2692 811 3108 891 superioribus
3223 840 3230 845 “

378 897 542 977 suis;
589 898 654 963 et
690 896 850 980 quod
895 897 949 962 si
996 915 1203 965 comes
1247 899 1312 962 et
1356 897 1452 963 sui
1487 896 1719 962 vellent
1751 898 2066 980 conqueri,
2114 896 2272 980 quod
2312 916 2421 980 per
2461 896 2929 963 universitatem
2956 897 3111 964 Cur-

382 984 509 1049 zole
555 985 730 1051 fieret
777 986 866 1053 eis
912 985 1119 1068 aliqua
1166 984 1483 1064 violentia,
1530 983 1819 1050 molestia
1862 984 1961 1049 vel
2009 983 2284 1050 turbatio
2330 984 2393 1049 in
2440 984 2674 1049 iuribus
2734 987 2798 1049 et
2859 986 3108 1052 iurisdi-

380 1071 687 1137 ctionibus
736 1074 829 1137 sui
894 1072 1265 1151 comitatus,
1313 1090 1424 1138 nos
1470 1072 1805 1138 debeamus
1853 1075 1915 1137 et
1961 1074 2281 1137 teneamur
2325 1071 2381 1135 ei
2429 1070 2631 1137 facere
2695 1071 3001 1139 rationem
3047 1075 3111 1139 et

378 1159 704 1239 iustitiam,
771 1162 836 1225 et
880 1161 1084 1244 ipsum
1147 1162 1545 1227 manutenere
1605 1161 1669 1225 et
1729 1178 2092 1224 conservare
2156 1160 2221 1223 in
2286 1159 2414 1225 suis
2472 1158 2708 1224 iuribus
2770 1163 3105 1226 secundum

376 1247 553 1311 deum
602 1249 665 1312 et
708 1246 1055 1324 iustitiam,
1108 1249 1173 1312 et
1217 1267 1250 1311 e
1297 1266 1587 1313 converso
1634 1247 1689 1311 si
1735 1247 2109 1312 universitas
2156 1247 2254 1312 vel
2317 1248 2666 1330 singulares
2728 1265 2984 1330 persone
3027 1250 3105 1315 de

380 1332 731 1400 Cnrzolanis
777 1336 1011 1407 vellent
1056 1336 1347 1418 conqueri
1411 1334 1487 1400 de
1552 1335 1779 1400 comite
1826 1336 1922 1400 vel
1989 1335 2115 1399 filio
2178 1353 2283 1398 seu
2354 1333 2495 1398 aliis
2562 1336 2690 1399 suis
2752 1334 2829 1400 de
2895 1336 3105 1421 aliqua

379 1420 730 1501 offensione,
779 1423 1023 1503 iniuria,
1069 1424 1428 1507 gravamine
1473 1423 1574 1487 vel
1613 1423 1900 1486 molestia
1945 1422 2116 1487 civili
2163 1422 2273 1485 aut
2318 1421 2628 1487 criminali
2695 1423 3104 1506 imposterum

380 1507 597 1584 fienda,
645 1511 980 1576 debeamus
1029 1514 1094 1575 et
1137 1512 1461 1575 teneamur
1510 1509 1602 1575 eis
1647 1509 1850 1574 facere
1893 1510 2219 1587 rationem,
2283 1510 2443 1574 sicut
2500 1509 2844 1576 faceremus
2891 1514 2956 1577 et
3012 1511 3104 1578 fa-

378 1598 578 1665 cimus
626 1600 857 1664 nestris
902 1598 1191 1664 fidelibus
1238 1598 1437 1663 insule
1482 1597 1699 1681 Vegle‚
1740 1599 1980 1680 quando
2026 1597 2241 1663 volunt
2303 1599 2592 1681 conqueri
2655 1599 2727 1663 de
2772 1599 3103 1665 comitibus

387 1684 533 1750 suis.
581 1686 664 1750 Et
709 1705 822 1772 pro
867 1687 984 1751 hoc
1029 1704 1238 1752 comes
1285 1687 1349 1750 et
1393 1685 1766 1751 universitas
1813 1706 1887 1751 ac
1933 1684 2279 1769 singulares
2327 1703 2582 1767 persone
2630 1684 2884 1751 Curzole
2931 1689 3104 1753 tene-

384 1774 571 1837 antur
620 1773 901 1856 quolibet
948 1773 1214 1839 triennio
1263 1773 1438 1838 nobis
1485 1773 1551 1838 et
1598 1775 1803 1838 nostro
1852 1773 2162 1837 communi
2209 1772 2410 1836 iurare
2435 1772 2802 1837 fidelitatem
2849 1775 2914 1838 et
2959 1776 3104 1840 obe-

380 1858 702 1940 dientiam,
751 1864 816 1927 et
865 1862 1252 1944 promittere,
1302 1861 1462 1943 quod
1510 1860 2015 1943 quandocumque
2059 1860 2387 1924 fecerimus
2413 1860 2749 1925 exercitum
2780 1879 2889 1943 per
2911 1880 3099 1942 mare,

378 1946 606 2017 facient
650 1948 814 2014 sicut
856 1947 1094 2013 faciunt
1151 1949 1244 2013 illi
1292 1949 1367 2014 de
1431 1949 1613 2012 terris
1675 1947 1903 2013 nostris
1966 1966 2002 2013 a
2054 1946 2261 2012 Grado
2324 1949 2399 2011 ad
2465 1945 2668 2031 Caput
2720 1948 2987 2031 aggeris,
3035 1952 3100 2014 et

375 2035 613 2185 {nando
658 2036 989 2102 fecerimus
1037 2036 1374 2102 exercitum
1420 2055 1529 2118 per
1575 2037 1803 2100 terram
1839 2037 1902 2101 in
1936 2035 2277 2114 Dalmatia,
2311 2033 2537 2099 facient
2583 2035 2747 2099 sicut
2780 2036 2901 2100 alie
2935 2039 3096 2102 terre

435 2123 689 2188 almatie
733 2126 797 2189 in
844 2123 1195 2189 subsidium
1239 2123 1304 2188 et
1349 2123 1643 2188 honorem
1692 2125 1992 2188 nostrum.
2048 2123 2129 2187 Et
2174 2141 2282 2187 nos
2328 2122 2662 2187 debeamus
2710 2140 2811 2188 eos
2861 2141 3099 2189 conser-

375 2226 518 2275 vare
563 2210 629 2280 in
670 2213 907 2277 ratione
952 2213 1017 2277 et
1059 2210 1342 2289 iustitia,
1405 2213 1470 2276 et
1512 2214 1915 2276 manutenere
1978 2210 2042 2274 in
2108 2209 2486 2292 protectione
2549 2212 2763 2275 nostra
2820 2215 2883 2275 et
2929 2214 3095 2277 statu

374 2297 645 2380 pacifico,
692 2302 767 2364 ut
812 2298 1094 2383 superius
1156 2299 1391 2363 dictum
1441 2300 1555 2363 est.
1620 2298 1705 2363 Et
1764 2298 2270 2382 quandocumque
2337 2316 2447 2380 per
2503 2300 2768 2363 mortem
2833 2298 2927 2363 vel
2975 2299 3098 2364 alio

374 2385 555 2451 modo
596 2386 888 2453 deficeret
929 2404 1135 2452 comes
1180 2385 1459 2465 Ourzole,
1508 2386 1689 2464 alius,
1738 2386 1844 2469 qui
1888 2385 2136 2450 debebit
2195 2384 2551 2463 succedere,
2621 2385 2952 2468 antequam
2999 2387 3095 2452 iu-

373 2473 563 2556 cipiat
607 2475 882 2559 regimen
928 2492 1223 2554 exercere,
1270 2474 1493 2539 debeat
1536 2493 1573 2538 a
1604 2474 1781 2538 nobis
1829 2474 2354 2538 confirmationem
2402 2473 2467 2537 et
2512 2473 2973 2539 investitionem
3002 2494 3099 2538 re-

374 2562 573 2645 cipere
620 2565 686 2626 et
727 2562 928 2628 facere
974 2563 1452 2639 sacramentum,
1502 2561 1666 2626 sicut
1727 2560 1967 2625 faciunt
2027 2560 2282 2625 comites
2346 2558 2560 2641 Vegle‚
2639 2561 2723 2625 Et
2783 2563 3099 2627 statuatur

372 2649 676 2715 terminus
737 2652 825 2716 eis
889 2652 967 2716 ad
1029 2649 1493 2715 deliberandum
1557 2668 1666 2732 per
1725 2651 1924 2713 totum
1986 2667 2261 2714 mensem
2308 2647 2445 2712 iulii
2505 2649 2788 2731 proximi,
2840 2650 3095 2716 dicendo

373 2736 480 2818 eis,
529 2738 689 2821 quod
734 2740 790 2803 si
832 2738 1041 2823 placet
1100 2739 1188 2803 eis
1254 2740 1574 2820 acceptare
1636 2737 1951 2820 predicta,
2001 2736 2155 2801 bene
2215 2735 2482 2817 quidem,
2547 2737 2823 2819 alioquin
2876 2738 3087 2820 elapso

371 2824 636 2890 termino
683 2827 945 2908 utraque
985 2825 1255 2908 partium
1304 2824 1494 2890 faciat
1537 2824 1704 2888 facta
1750 2843 1889 2901 sua3
1955 2823 2099 2906 quia
2160 2824 2487 2905 postquam
2550 2823 2794 2888 nollunt
2852 2827 3098 2909 acquie-

373 2930 541 2977 scere
581 2913 724 2992 hiis,
774 2932 892 2996 que
939 2913 1246 2978 credimus
1293 2913 1358 2977 et
1403 2911 1833 2996 cognoscimus
1881 2929 1993 2994 pro
2041 2910 2128 2974 eis
2173 2909 2354 2974 utilia
2400 2913 2463 2973 et
2508 2910 2787 2989 honesta,
2836 2931 2958 2977 non
3003 2912 3097 2979 in-

370 3001 681 3066 tendimus
725 3018 836 3065 uos
884 3000 948 3064 in
994 3018 1207 3066 eorum
1253 3000 1616 3065 differentiis
1661 3000 1927 3064 ulterius
1975 2997 2296 3081 impedire.
2363 2995 2503 3061 Non
2551 2998 2771 3064 sinceri
2829 3000 2929 3079 16,
2974 3019 3093 3066 non

370 3086 469 3165 17,
518 3089 592 3153 de
634 3090 813 3171 parte
856 3088 962 3153 50.

455 3178 636 3244 Misti
685 3178 927 3245 XXVI.
976 3181 1077 3250 94,
1122 3196 1166 3238 u
1211 3178 1427 3237 arkivu
1478 3177 1836 3238 mletadkom.

715 3365 1123 3451 CCCLIV.
1197 3366 1402 3450 God.
1457 3366 1681 3452 1352.
1739 3365 1845 3448 30
1897 3366 2204 3467 lipnja,
2261 3389 2320 3449 u
2373 3367 2763 3452 metelli.

372 3477 541 3537 Knez
586 3476 971 3537 korbulanski
1004 3476 1266 3550 pristcv‘e
1310 3494 1395 3534 na
1436 3475 1696 3548 rissenja
1739 3476 2018 3535 mletadke
2061 3476 2233 3535 vlade
2275 3494 2319 3535 u
2353 3477 2535 3549 poslu
2593 3479 2830 3552 njeyovc
2873 3480 3092 3541 rami-

1206 3566 1326 3623 rice
1369 3580 1441 3622 sa
1483 3563 1936 3623 korculanskom
1979 3563 2258 3624 obc‘inom.

584 3665 775 3732 1352.
816 3664 921 3730 die
960 3664 1187 3731 ultimo
1232 3663 1405 3730 iunii.
1453 3663 1655 3729 Nota:
1705 3666 1866 3747 quod
1895 3664 1994 3732 die
2022 3665 2457 3734 terciodecimo
2497 3667 2868 3749 septembris
2903 3667 3092 3748 1352,

374 3751 462 3820 Vl
505 3751 843 3822 indictione
889 3752 1234 3836 comparuit
1279 3751 1503 3818 nobilis
1550 3752 1642 3817 vir
1688 3752 1971 3822 dominus
2018 3752 2334 3819 Johannes
2383 3751 2647 3837 Georgio
2692 3774 2900 3820 comes
2925 3754 3081 3821 Cru-

377 3840 505 3906 zole
548 3859 763 3914 coram
807 3839 1056 3907 domino
1102 3840 1257 3909 duce
1301 3842 1365 3904 et
1412 3840 1544 3905 eius
1589 3838 1980 3918 consiliariis,
2050 3844 2114 3906 et
2159 3841 2336 3920 dixit,
2393 3842 2556 3922 quod
2603 3859 2714 3924 pro
2760 3844 2935 3925 parte
2980 3861 3090 3906 sua

368 3929 431 3992 et
473 3931 776 4011 quantum
820 3931 1027 4012 partes
1064 3927 1478 4012 suprascripte
1525 3946 1708 4010 super
1755 3928 1919 3992 facto
1957 3927 2208 3993 illorum
2247 3928 2323 3993 de
2373 3929 2629 4000 Cruzola
2692 3928 2903 4013 ipsum
2949 3932 3090 3993 tau-

369 4015 617 4099 gebant,
666 4015 1135 4095 deliberaverat,
1176 4015 1240 4079 et
1284 4016 1441 4097 quod
1488 4032 1599 4098 pro
1647 4033 1711 4079 se
1758 4015 1822 4080 et
1866 4017 2043 4097 parte
2090 4035 2201 4080 sua
2240 4017 2714 4084 conteutabatur
2746 4020 2811 4085 et
2838 4017 3087 4082 volebat

369 4104 535 4170 stare
579 4103 766 4188 dictis
811 4103 1093 4186 partibus
1140 4103 1204 4167 et
1250 4102 1535 4167 omnibus
1581 4103 1889 4167 contentis
1935 4103 1999 4166 in
2042 4103 2149 4169 eis‚

445 4193 625 4255 Misti
672 4193 805 4254 XX
815 4194 916 4253 VI.
965 4196 1067 4263 94,
1112 4211 1155 4252 u
1200 4194 1417 4253 arkivu
1458 4193 1818 4254 mletaelcom.

745 4365 1107 4450 CCCLV.
1181 4364 1390 4449 God.
1446 4365 1670 4449 1352.
1726 4366 1776 4450 5
1833 4368 2157 4468 srpnja,
2211 4389 2273 4448 u
2324 4367 2716 4450 Mletcih.

366 4473 731 4550 Dozvob'ava
788 4492 852 4534 se
892 4477 1084 4536 lmezu
1141 4475 1167 4532 i
1210 4474 1404 4534 obcini
1461 4475 1897 4547 herculanskoj‚
1945 4475 2026 4533 da
2086 4492 2147 4533 se
2193 4475 2267 4534 do
2327 4478 2517 4536 konca
2575 4479 2761 4550 rujna
2818 4478 3009 4550 injave
3053 4494 3086 4534 o

750 4563 1016 4636 riesenju
1060 4562 1297 4635 mihovc
1340 4563 1651 4622 razmirice
1692 4562 2022 4621 mletackim
2073 4561 2286 4621 viebem
2329 4563 2701 4635 predloienu.

575 4666 765 4731 1352.
815 4665 918 4731 die
959 4666 1017 4730 V
1054 4663 1211 4744 iulii,
1262 4666 1478 4746 capta:
1527 4662 1688 4745 quod
1734 4664 1812 4727 ad
1853 4662 2216 4744 petitionem
2266 4664 2512 4729 comitis
2543 4665 2797 4730 Curzole
2843 4668 2906 4729 et
2949 4683 3084 4728 am·

366 4748 747 4820 baxiatorum
812 4753 1157 4819 communis
1217 4752 1283 4816 et
1337 4750 1656 4815 hominum
1720 4747 1975 4814 Curzole
2037 4751 2359 4834 elongetur
2424 4754 2726 4818 terminus
2768 4751 3074 4816 ambabus
