3620 5282
546 341 673 409 198

538 519 841 586 venerunt
885 520 960 584 de
1004 518 1288 601 partibus
1333 518 1674 600 Hungarie,
1721 519 1786 583 et
1832 518 2023 583 etiam
2073 538 2183 601 per
2229 516 2548 583 dominum
2597 517 2975 602 episcopum,
3009 517 3117 601 qui
3164 518 3286 584 huc

535 607 706 674 venit
751 625 861 691 pro
931 605 1132 673 dando
1178 608 1637 672 sacramentum
1682 606 2079 672 serenissimo
2120 606 2366 671 domino
2413 605 2554 671 duci
2617 609 2845 687 nostre,
2873 608 2949 671 de
2997 607 3285 672 faciendo

535 695 729 779 ligam
777 698 843 760 et
903 695 1191 760 unionem
1254 695 1421 759 inter
1485 694 1951 758 serenissimam
2015 695 2359 778 reginalem
2407 695 2800 759 maiestatem
2849 694 3175 778 Hungarie
3219 697 3283 758 et

535 802 646 849 nos
692 784 755 847 et
801 801 1125 848 commune
1167 782 1469 861 nostrum,
1498 782 1871 847 informetur
1936 784 2146 846 noster
2208 782 2596 859 ambaxator,
2643 783 2800 865 quod
2847 783 2989 864 ipsa
3039 782 3171 866 liga
3220 783 3287 847 et

535 872 679 937 unio
715 870 889 935 nobis
932 870 1207 953 placeret
1252 890 1357 952 per
1406 870 1677 949 modum,
1707 871 1808 953 qui
1835 871 2189 934 continetur
2235 869 2510 947 inferiae,
2559 872 2998 952 etpropterea
3047 870 3112 934 in
3135 887 3285 934 casu

538 976 658 1041 quo
715 958 879 1023 dicto
930 958 1136 1023 nostro
1175 957 1563 1022 ambaxatori
1609 957 1784 1023 fieret
1830 957 2062 1022 mentio
2107 976 2215 1040 per
2259 956 2608 1040 reginalem
2656 958 3057 1023 maiestatem
3108 957 3288 1021 Hun-

538 1046 713 1130 garie
759 1046 858 1111 vel
893 1045 1163 1127 aliquem
1206 1046 1304 1112 vel
1352 1045 1559 1129 aliqua
1587 1047 1658 1111 de
1700 1045 2034 1110 baronibus
2082 1046 2181 1111 vel
2228 1045 2489 1127 prelatis
2536 1046 2685 1120 suis,
2713 1065 2929 1110 sumus
2979 1044 3293 1126 contenti,

539 1133 698 1217 quod
742 1134 1194 1198 condescendat
1239 1133 1316 1197 ad
1363 1133 1565 1215 ipsam
1613 1134 1805 1216 ligem
1854 1152 1962 1215 per
2004 1134 2252 1197 modum
2301 1135 2584 1197 notatum
2615 1132 2718 1197 hic
2764 1132 3061 1210 inferius3
3091 1133 3288 1197 etiam

536 1220 596 1286 in
647 1239 793 1286 casu
841 1239 960 1302 quo
1009 1221 1243 1286 mentio
1293 1221 1503 1303 aliqua
1550 1220 1667 1285 sibi
1717 1238 1835 1284 non
1885 1222 2061 1285 fieret
2109 1239 2219 1303 per
2269 1220 2539 1302 aliquem
2588 1221 2665 1284 de
2713 1221 3033 1303 predictis,
3084 1220 3283 1283 relin-

536 1310 761 1391 quatur
806 1308 871 1372 in
914 1309 1202 1374 libertate
1250 1310 1667 1373 ambaxatoris
1713 1309 1925 1387 nostri,
1953 1308 2115 1374 sicut
2145 1310 2208 1372 et
2232 1308 2473 1390 quando
2498 1309 2553 1372 ei
2597 1307 2928 1385 videbitur,
2979 1309 3282 1392 tangendi

538 1398 604 1461 et
649 1396 1011 1479 procurandi
1061 1396 1135 1461 de
1184 1397 1320 1480 ipsa
1359 1397 1490 1479 liga
1534 1397 1598 1459 et
1644 1397 1883 1471 unione,
1958 1397 2105 1480 quia
2166 1397 2490 1472 habemus,
2560 1397 2716 1477 quod
2777 1398 2946 1460 esset
2991 1395 3170 1461 utilis
3221 1397 3287 1460 et

511 1483 709 1548 >bona
755 1485 818 1548 in
866 1483 1082 1565 forma,
1130 1503 1253 1567 qua
1303 1483 1587 1549 volumus
1627 1502 1735 1566 pro
1786 1484 1963 1549 nobis
2010 1485 2074 1547 et
2121 1485 2289 1548 statu
2340 1484 2572 1548 nostro.

756 1573 984 1637 Forma
1015 1571 1162 1656 lige,
1209 1590 1330 1654 que
1380 1571 1655 1655 placeret
1701 1572 1896 1650 nobie,
1945 1573 2044 1636 eet
2084 1573 2148 1636 in
2201 1571 2317 1635 hac
2359 1570 2574 1647 forma,
2628 1569 2952 1635 videlicet:

759 1659 992 1737 Primo,
1043 1660 1206 1742 quod
1254 1661 1388 1741 ipsa
1435 1659 1563 1742 liga
1609 1661 1674 1723 et
1718 1659 1861 1723 unio
1907 1658 1994 1724 sit
2037 1660 2201 1724 inter
2247 1658 2705 1723 serenissimam
2761 1658 3106 1741 reginalem
3157 1676 3291 1721 ma-

541 1747 833 1813 iestatem
882 1746 1202 1830 Hungarie
1248 1766 1323 1811 ex
1366 1765 1488 1811 una
1535 1749 1711 1829 parte
1756 1751 1820 1811 et
1869 1766 1974 1812 nos
2019 1749 2083 1811 et
2126 1765 2452 1812 commune
2494 1748 2775 1810 nostrum
2826 1765 2900 1810 ex
2946 1747 3170 1810 altera.

745 1835 908 1899 Item
955 1836 1118 1919 quod
1161 1834 1298 1917 ipsa
1343 1834 1470 1917 liga
1514 1836 1581 1900 et
1625 1835 1768 1899 unio
1809 1834 1922 1899 fiat
1969 1839 2032 1899 et
2077 1836 2159 1899 sit
2204 1852 2242 1897 a
2286 1832 2562 1918 Ragusio
2609 1836 2674 1898 et
2717 1852 2755 1897 a
2793 1834 3076 1918 Ragusio
3125 1831 3290 1898 citra

583 1942 650 1987 er
696 1941 889 1987 mare.
1095 1932 1112 1946 ‘

540 1943 576 2005 p
744 2011 904 2076 Item
966 2010 1125 2094 quod
1173 2009 1307 2093 ipsa
1352 2009 1484 2094 liga
1520 2010 1604 2074 sit
1628 2012 1705 2075 ad
1758 2010 2098 2075 terminum
2145 2010 2359 2076 decem
2406 2029 2708 2077 annorum
2755 2011 2853 2076 vel
2900 2010 3094 2087 circa,
3130 2007 3294 2073 sicut

537 2097 901 2164 ambaxator
946 2099 1153 2162 noster
1201 2096 1426 2163 melius
1464 2099 1695 2181 poterit
1745 2098 2040 2163 obtinere.

750 2186 971 2250 Modus
1020 2205 1161 2250 vero
1209 2188 1274 2250 et
1319 2186 1464 2251 ordo
1509 2186 1634 2269 lige
1683 2185 1785 2265 sit,
1834 2186 1992 2269 quod
2046 2187 2107 2250 in
2146 2204 2293 2252 casu
2340 2205 2457 2269 quo
2488 2206 2598 2269 per
2632 2187 2910 2270 aliquem
2959 2184 3287 2250 dominum
3383 2206 3397 2220 ·

537 2273 636 2339 vel
682 2274 964 2339 dominos
1012 2275 1521 2338 communitatem
1571 2275 1668 2339 vel
1694 2293 2017 2356 personam
2054 2275 2149 2338 vel
2178 2293 2483 2356 personas,
2530 2273 2707 2339 cuius
2768 2293 3039 2357 cumque
3081 2271 3292 2337 condi-

540 2361 727 2426 tionis
772 2361 1062 2439 existant,
1093 2361 1325 2428 vellent
1394 2361 1788 2427 damnificare
1851 2363 1950 2426 vel
1996 2362 2222 2427 offendi
2270 2364 2435 2426 terre
2481 2363 2580 2426 vel
2626 2361 2763 2426 loca
2813 2361 3146 2428 Sclavenie
3184 2358 3289 2422 'vel

523 2450 789 2514 'illarum
848 2449 1125 2532 partium
1190 2469 1228 2514 a
1286 2450 1559 2532 Ragusio
1606 2451 1671 2513 et
1717 2468 1754 2513 a
1799 2450 2074 2533 Ragusio
2137 2452 2294 2514 citra
2337 2469 2444 2532 per
2514 2469 2702 2527 mare,
2750 2469 2868 2533 que
2918 2450 3072 2514 sunt
3121 2448 3287 2530 regi-

539 2537 699 2602 nalis
749 2537 1092 2602 maiestatis
1140 2536 1458 2620 Hungarie
1501 2537 1597 2602 vel
1628 2537 1861 2601 subditi
1889 2543 1953 2603 et
1978 2537 2191 2603 fideles
2225 2537 2521 2621 reginalis
2557 2536 2911 2602 maiestatis
2964 2537 3279 2603 dictarum

537 2624 837 2711 partium,
885 2625 1044 2706 quod
1093 2644 1204 2690 nos
1252 2628 1316 2690 et
1359 2644 1683 2691 commune
1732 2628 2011 2691 nostrum
2060 2628 2380 2691 teneamur
2427 2626 2491 2690 et
2536 2626 2870 2691 debeamus
2921 2644 3173 2690 armare
3221 2623 3278 2688 in

536 2712 884 2779 subsidium
932 2732 1112 2778 suum
1163 2719 1227 2778 et
1250 2715 1554 2779 terrarum
1580 2723 1641 2778 et
1676 2715 1950 2780 locorum
1990 2733 2242 2779 suorum
2290 2715 2707 2794 predictorum
2756 2717 2820 2777 et
2861 2714 2943 2778 ad
2982 2715 3279 2778 damnum

536 2805 602 2866 et
648 2800 1060 2866 confusionem
1110 2800 1360 2866 illorum
1389 2804 1707 2885 tamquam
1735 2801 2126 2867 inimicorum
2177 2803 2523 2867 nostrorum
2549 2802 2643 2866 tot
2667 2800 2877 2885 galeas
2903 2802 2985 2866 ad
3040 2803 3279 2864 nostras

537 2907 853 2973 expensas,
915 2891 1065 2973 quot
1128 2889 1400 2954 armabit
1459 2888 1758 2973 reginalis
1823 2889 2119 2955 maiestas
2167 2888 2465 2972 predicta,
2513 2892 2579 2953 et
2626 2909 2734 2971 pro
2776 2893 2952 2954 tanto
3003 2892 3277 2971 tempore

541 2996 644 3042 eas
693 2975 1040 3042 tenebimus
1087 2979 1360 3042 armatas
1407 2978 1472 3042 et
1510 2981 1759 3059 paratas
1810 2978 1873 3042 in
1920 2977 2222 3043 terminos
2269 2980 2332 3042 et
2378 2978 2648 3043 confines
2681 2978 3013 3058 predictos,
3048 2977 3275 3059 quanto

539 3063 834 3147 reginalis
880 3064 1174 3130 maiestas
1222 3064 1499 3148 predicta
1542 3066 1781 3131 tenebit
1826 3084 1972 3131 suas
2015 3066 2167 3130 bene
2217 3066 2467 3148 paratas
2510 3069 2574 3129 et
2613 3066 2890 3130 armatas
2943 3064 3112 3130 infra
3158 3066 3281 3127 ter-

540 3153 744 3218 minos
793 3154 858 3217 et
895 3152 1162 3218 confines
1209 3154 1567 3218 antedictos).

753 3239 985 3323 Capta:
1032 3241 1115 3306 Et
1163 3242 1326 3306 ultra
1373 3242 1509 3318 hoc,
1559 3242 1610 3304 si
1658 3242 1837 3306 erunt
1884 3240 2228 3307 necessaria
2274 3242 2534 3326 reginali
2580 3241 2896 3308 maiestati
2948 3236 3273 3323 Hungarie

541 3328 751 3411 aliqua
796 3346 1052 3412 corpora
1111 3327 1427 3413 galearum
1475 3328 1551 3392 de
1614 3330 1843 3416 nostris
1896 3347 2003 3412 pro
2050 3348 2233 3394 cansa
2288 3330 2564 3412 prodicta
2608 3331 2707 3396 vel
2752 3347 2999 3395 armare
3050 3328 3112 3391 in
3159 3325 3280 3388 Ve-

542 3414 752 3494 neciis,
798 3417 956 3499 quod
1001 3436 1110 3482 nos
1158 3416 1486 3482 debeamus
1511 3415 1568 3480 ei
1594 3418 1668 3481 de
1699 3419 1816 3482 hoc
1839 3417 2218 3500 complacere
2264 3436 2373 3500 pro
2421 3419 2548 3482 suis
2596 3416 2866 3483 denariis
2915 3426 2982 3481 et
3028 3415 3107 3481 ad
3133 3428 3273 3477 suas

542 3521 839 3586 expensas
883 3522 993 3587 pro
1039 3503 1241 3569 salute
1291 3508 1355 3568 et
1400 3506 1858 3570 conservatione
1907 3504 2209 3570 dictarum
2239 3507 2543 3570 terrarum
2592 3510 2657 3572 et
2696 3506 2972 3571 locorum
3022 3518 3271 3568 snorum

535 3593 602 3655 et
645 3591 913 3674 dampno
961 3593 1024 3656 et
1069 3591 1421 3657 confusione
1461 3591 1733 3670 illorum,
1786 3593 1889 3675 qui
1936 3592 2257 3658 ostendere
2303 3592 2402 3657 vel
2442 3591 2880 3677 dampnificata
2906 3592 3163 3666 vellent,
3209 3591 3271 3648 et

539 3679 700 3762 quod
748 3680 810 3755 in
873 3679 1175 3763 portubus
1249 3680 1476 3744 nostris
1541 3697 1685 3745 cum
1744 3681 1939 3764 galeis
1987 3684 2068 3759 et,
2120 3678 2386 3765 navigiis
2454 3681 2581 3745 suis
2630 3682 2871 3764 possint
2935 3680 3170 3744 intrare
3216 3676 3276 3737 et

533 3767 763 3834 habere
809 3766 1105 3833 victualia
1150 3768 1215 3832 et
1238 3766 1736 3848 refrescamenta,
1775 3786 1886 3851 pro
1926 3787 2136 3834 eorum
2184 3768 2475 3846 denariis,
2503 3772 2576 3833 ut
2607 3766 2799 3834 fuerit
2838 3768 3271 3851 opportunum.

747 3855 910 3920 Item
950 3856 1109 3938 quod
1168 3874 1280 3920 nos
1343 3857 1665 3921 teneamur
1711 3858 1775 3921 et
1820 3855 2155 3922 debeamus
2220 3856 2468 3940 penitus
2514 3855 2819 3941 denegare
2866 3855 2995 3921 illis
3042 3852 3270 3919 talibus

535 3941 926 4008 venientibus
963 3944 1042 4007 ad
1093 3942 1434 4024 dampnum
1458 3945 1522 4008 et
1547 3944 1942 4012 offensionem
1990 3944 2285 4028 reginalis
2331 3944 2679 4009 maiestatis
2739 3943 3013 4026 predicte
3059 3956 3269 4005 omnes

536 4033 752 4113 portus
799 4032 1043 4095 nostros
1090 4030 1466 4096 marittimos
1512 4033 1821 4097 terrarum
1869 4031 1933 4096 et
1977 4032 2253 4097 locorum
2305 4034 2656 4097 nostrorum
2708 4034 2773 4096 et
2819 4031 3027 4096 omnia
3074 4028 3267 4092 victu-

534 4117 662 4183 alia
708 4121 772 4184 et
819 4117 1316 4198 refrescamenta‚
1344 4119 1410 4183 et
1453 4120 1724 4185 tractare
1765 4120 1911 4184 illos
1959 4122 2276 4203 tamquam
2326 4120 2630 4184 inimicos.

746 4203 814 4271 Si
858 4225 1000 4272 vero
1046 4207 1271 4290 aliquis
1320 4207 1420 4272 vel
1454 4205 1667 4292 aliqui,
1739 4207 2179 4292 cuiuscumque
2228 4207 2596 4273 conditionis
2643 4205 2932 4279 existant,
2986 4207 3262 4282 utsupra

535 4293 773 4359 dictum
821 4294 936 4372 eet,
987 4292 1218 4360 vellent
1266 4295 1470 4360 venire
1519 4295 1593 4359 ad
1638 4296 1970 4378 dampnam
2022 4297 2118 4361 vel
2166 4295 2561 4360 offensionem
2608 4296 2884 4358 nostram
2932 4291 3029 4357 vel
3075 4293 3261 4353 terra-

535 4399 673 4445 rum
721 4384 784 4445 et
827 4382 1104 4447 locorum
1153 4385 1216 4446 et
1261 4381 1656 4447 subditorum
1699 4384 2045 4448 communis
2107 4383 2506 4448 Venetiarum
2555 4402 2592 4447 a
2636 4380 2910 4461 Ragusio
2955 4383 3020 4444 et
3060 4396 3098 4441 a
3140 4376 3262 4440 Ra-

535 4468 712 4550 gusio
758 4469 917 4533 citra
963 4490 1072 4553 per
1120 4488 1310 4547 mare,
1336 4470 1497 4553 quod
1525 4470 1919 4536 serenissima
1945 4470 2239 4553 reginalis
2285 4471 2583 4535 maiestas
2632 4472 2915 4533 teneatur
2940 4470 3004 4531 et
3050 4464 3262 4529 debeat

537 4556 617 4619 ad
663 4557 999 4638 dampnum
1049 4558 1113 4621 et
1158 4557 1574 4623 confusionem
1613 4558 1868 4623 illorum
1926 4577 2166 4623 armare
2215 4557 2291 4623 ad
2338 4576 2480 4623 suas
2527 4575 2827 4639 expensas
2864 4554 3255 4619 medietatem

540 4642 638 4707 tot
682 4641 1022 4726 galearum,
1060 4647 1209 4727 quot
1239 4664 1349 4710 nos
1394 4646 1772 4711 armabimus
1820 4665 1856 4710 a
1903 4647 2110 4711 decem
2161 4646 2355 4727 galeis
2402 4647 2500 4710 vel
2547 4644 2815 4710 adecem
2862 4642 3056 4727 galeis
3087 4636 3256 4711 infra,

540 4731 604 4794 et
644 4731 697 4795 si
743 4723 913 4797 ultra
955 4750 1282 4798 numerum
1328 4733 1387 4798 X
1409 4734 1731 4817 galearum
1776 4733 2180 4812 armabimuS,
2231 4735 2386 4816 quod
2435 4737 2583 4799 tunc
2628 4732 2922 4816 reginalis
2972 4726 3252 4794 maiestas
