3620 5282
2942 297 3072 365 323

2485 426 2508 450 S

375 474 583 540 omnia
626 474 690 539 et
734 474 977 556 singula
1025 476 1446 559 suprascripta
1491 476 1652 542 dicte
1698 479 1905 559 partes
1968 477 2255 559 predictis
2318 477 2671 542 nominibus
2726 474 2847 540 sibi
2893 475 3069 542 adin-

375 565 593 641 vicem,
641 563 880 627 scilicet
928 582 1045 628 una
1090 582 1236 646 pars
1281 565 1460 629 alteri
1509 569 1573 628 et
1616 565 1812 630 altera
1856 566 2059 645 alteri,
2105 566 2522 648 promiserunt
2561 564 2759 642 firma,
2809 571 2963 642 rata,
2999 566 3064 627 et

371 656 553 735 grata
597 652 818 717 habere
861 655 925 717 et
970 655 1195 731 tenere,
1246 653 1559 718 attendere
1602 656 1666 717 et
1710 653 2029 718 observare
2074 672 2144 718 ac
2205 654 2538 736 adimplere
2606 655 2670 718 et
2727 654 2789 718 in
2858 653 3062 735 aliquo

373 759 490 805 non
537 741 944 806 contrafacere
992 741 1089 804 vel
1137 743 1341 806 venire
1388 761 1494 824 per
1541 761 1606 806 se
1651 742 1748 806 vel
1793 742 1984 806 alium
2033 761 2139 807 seu
2202 743 2353 806 alios
2417 743 2623 825 aliqua
2683 741 2919 806 ratione
2966 740 3063 804 vel

370 847 574 907 causa,
626 830 802 894 modo
850 829 945 894 vel
989 829 1255 912 ingenio,
1304 829 1378 895 de
1428 832 1557 894 iure
1603 831 1699 895 vel
1744 829 1820 894 de
1865 829 2047 908 facte,
2096 830 2209 895 sub
2280 850 2433 914 pena
2492 829 2832 895 octomillia
2876 829 3063 894 duca-

369 919 571 982 torum
618 919 759 982 boni
804 919 935 982 auri
985 920 1048 980 et
1093 917 1243 982 iusti
1295 918 1594 1000 ponderis,
1642 918 1902 982 solemni
1950 918 2348 1000 stipulatione
2394 921 2714 1001 premissa,
2764 937 2879 1002 que
2912 934 3071 1000 pena

368 1007 593 1071 totiens
638 1007 1065 1071 committatur
1106 1007 1172 1070 et
1211 1007 1491 1090 exigatur
1535 1025 1608 1071 ac
1653 1007 1815 1090 exigi
1862 1007 2058 1089 possit
2100 1026 2238 1071 cum
2288 1006 2507 1072 effectu
2554 1025 2660 1091 per
2690 1008 2928 1090 partem
2959 1004 3070 1070 ob-

369 1099 716 1160 servantem
753 1114 790 1160 a
837 1114 952 1158 non
1000 1096 1385 1168 observante,
1434 1094 1716 1177 quotiens
1777 1095 1841 1158 in
1889 1094 2185 1177 predictis
2256 1095 2351 1160 vel
2395 1096 2598 1177 aliquo
2646 1096 3058 1177 predictorum

367 1182 555 1247 fuerit
601 1184 780 1248 modo
824 1184 1031 1265 aliquo
1075 1182 1543 1247 contrafactum.
1591 1183 1674 1246 Et
1716 1202 1870 1265 pena
1912 1183 2242 1248 commissa
2289 1184 2386 1249 vel
2433 1201 2551 1248 nou
2584 1183 2930 1258 commissa,
2965 1199 3064 1246 so·

365 1271 499 1336 luta
545 1273 641 1336 vel
680 1291 818 1350 non,
873 1271 1307 1335 nichilominus
1351 1290 1599 1353 presens
1647 1273 2003 1336 contractus
2070 1275 2132 1336 et
2174 1273 2379 1337 omnia
2447 1274 2511 1334 et
2581 1270 2828 1354 singula
2874 1272 2937 1335 in
2983 1287 3054 1334 eo

364 1362 654 1424 contenta
700 1359 887 1446 firma⁸
926 1360 1273 1440 perdurent,
1315 1361 1378 1422 et
1419 1361 1681 1424 debeant
1753 1378 1790 1422 a
1862 1359 2137 1441 partibus
2207 1359 2650 1424 inviolabiliter
2723 1358 3054 1423 observari.

366 1448 484 1512 Pro
526 1450 748 1531 quibus
797 1448 1081 1511 omnibus
1130 1449 1192 1511 et
1238 1447 1500 1531 singulis
1563 1448 1824 1512 firmiter
1892 1449 2289 1512 observandis
2359 1452 2422 1512 et
2463 1447 2877 1530 adimplendis
2922 1465 3061 1529 pre-

366 1536 532 1601 fatus
578 1537 843 1601 illustris
890 1537 1173 1599 dominus
1220 1537 1337 1599 dux
1380 1540 1444 1600 et
1505 1555 1685 1600 suum
1743 1535 2083 1601 dominium
2146 1536 2579 1619 obligaverunt
2640 1536 2843 1599 omnia
2903 1536 3062 1600 bona

369 1626 714 1690 communis
760 1623 1161 1688 venetiarum
1210 1624 1390 1688 dictis
1435 1625 1687 1689 sindicis
1738 1627 1800 1687 et
1831 1624 2328 1705 procuratoribus
2361 1624 2553 1706 ipsius
2599 1623 2840 1688 domine
2871 1621 3059 1686 comi·

368 1714 519 1777 tisse
566 1732 673 1777 suo
721 1712 961 1775 nomine
1010 1711 1451 1794 stipulantibus
1499 1715 1562 1776 et
1605 1713 2058 1793 recipientibuS,
2108 1712 2363 1777 mobilia
2407 1716 2470 1776 et
2519 1710 2882 1787 immobilia,
2925 1729 3063 1792 pre-

368 1802 567 1864 sentia
614 1806 678 1866 et
723 1799 965 1876 futura3
1013 1803 1077 1863 et
1119 1819 1294 1864 versa
1341 1801 1470 1866 vice
1516 1801 1775 1883 predicti
1825 1803 2241 1882 procuratores
2303 1802 2367 1864 et
2426 1799 2645 1865 sindici
2709 1799 2900 1881 ipsius
2947 1798 3053 1862 do-

366 1889 530 1953 mine
577 1889 889 1954 comitisse
930 1888 1175 1952 nomine
1220 1907 1336 1970 quo
1380 1907 1565 1969 supra
1615 1890 1809 1953 eidem
1857 1888 2107 1954 domino
2153 1888 2295 1952 duci
2345 1892 2408 1952 et
2453 1887 2761 1953 communi
2809 1887 3063 1952 Veneci-

363 1995 543 2041 arum
588 1977 794 2042 omnia
839 1977 999 2041 bona
1045 1976 1353 2041 antedicte
1399 1977 1644 2041 domine
1690 1978 2057 2054 comittisse,
2106 1977 2335 2042 nobilia
2402 1981 2465 2041 et
2509 1974 2872 2053 immobilia,
2920 1993 3059 2057 pre-

359 2067 559 2129 sentia
604 2070 668 2129 et
707 2065 937 2129 futura.
988 2064 1445 2129 Renunciantes
1479 2084 1758 2148 expresse
1829 2066 2009 2130 ambe
2056 2066 2263 2147 partes
2309 2064 2649 2149 exceptioni
2715 2063 2861 2141 doli,
2911 2062 3058 2128 mali

356 2156 419 2216 et
465 2155 525 2218 in
572 2153 806 2219 factum
852 2153 1098 2231 actioni,
1149 2154 1475 2236 privilegio
1521 2153 1659 2228 fori,
1708 2155 1795 2218 rei
1847 2172 1965 2218 non
2012 2153 2101 2218 sic
2146 2155 2317 2236 geste
2358 2172 2431 2218 ac
2477 2171 2599 2217 non
2645 2153 2734 2217 sic
2765 2149 3061 2217 celebrati

362 2244 668 2322 presentis
715 2244 1089 2317 contractuS,
1137 2242 1423 2323 omnique
1473 2242 1582 2306 alii
1630 2243 1970 2325 exceptioni
2016 2242 2224 2324 legum
2260 2245 2323 2306 et
2354 2242 2506 2307 iuris
2537 2240 2801 2318 auxiliis,
2833 2238 3055 2322 quibus

358 2334 608 2409 possent
651 2332 866 2394 contra
914 2331 1186 2410 predicta
1233 2330 1328 2394 vel
1376 2330 1620 2414 aliquod
1668 2331 2086 2411 predictorum
2153 2330 2510 2413 aliqualiter
2555 2348 2619 2393 se
2664 2330 2845 2404 tueri,
2916 2346 3061 2410 opo-

356 2437 519 2494 nere,
569 2419 790 2491 dicere,
839 2416 1037 2481 facere
1084 2417 1183 2482 vel
1232 2419 1453 2482 venire.
1549 2419 1891 2484 Voluerunt
1955 2421 2208 2501 insuper
2259 2422 2325 2482 et
2385 2418 2773 2501 rogaverunt,
2837 2420 2908 2481 ut
2980 2416 3056 2481 de

355 2506 649 2588 predictis
696 2506 826 2571 fieri
875 2505 1141 2571 debeant
1186 2524 1294 2588 per
1320 2526 1415 2571 me
1457 2506 1761 2571 notarium
1787 2506 2254 2589 infrascriptum
2294 2508 2413 2571 duo
2434 2497 2783 2571 consimilia
2805 2501 3057 2588 publica

354 2593 787 2674 instrumenta,
836 2613 1093 2678 quorum
1141 2613 1330 2660 unum
1377 2598 1694 2662 remaneat
1734 2597 1892 2678 apud
1941 2595 2175 2661 dictum
2218 2594 2525 2662 illustrem
2576 2594 2891 2661 dominum
2938 2591 3057 2658 du-

352 2701 485 2747 cem
533 2702 829 2765 suumque
879 2683 1237 2762 dominium,
1286 2684 1550 2748 alterum
1594 2686 1823 2749 eisdem
1870 2685 2365 2767 procuratoribus
2414 2687 2477 2749 et
2535 2682 3051 2748 ambasiatoribus

355 2773 520 2836 dicte
566 2773 809 2836 domine
852 2772 1164 2836 comitisse
1231 2772 1451 2838 debeat
1519 2774 1837 2855 assignari.
1928 2771 2160 2838 Actum
2225 2772 2504 2837 Venetiis
2573 2771 2636 2835 in
2697 2769 2898 2836 ducali
2942 2790 3049 2853 pa-

356 2860 509 2924 lacio
556 2860 945 2944 presentibus
992 2861 1266 2942 sapiente
1313 2870 1373 2924 et
1416 2860 1867 2944 circumspecto
1927 2862 2056 2925 viro
2127 2860 2369 2925 domino
2419 2859 2600 2925 Petro
2645 2859 2722 2925 de
2772 2857 3050 2937 Quadra·

356 2950 530 3032 ginta
576 2947 916 3013 honorabili
963 2949 1329 3013 cancellario
1373 2949 1716 3013 communis
1758 2949 2187 3026 veneciarum,
2237 2966 2306 3014 ac
2350 2949 2616 3031 providis
2662 2949 2727 3013 et
2755 2948 3046 3012 virtuosis

358 3038 505 3102 viris
553 3057 650 3101 ser
696 3036 948 3101 Nicolao
994 3038 1066 3100 de
1100 3034 1388 3114 Gerard0,
1438 3057 1535 3101 ser
1579 3036 1859 3102 Johanne
1909 3036 2225 3102 Plumacio
2271 3039 2335 3100 et
2380 3056 2446 3101 se
2493 3038 2676 3101 Petro
2731 3033 2919 3101 Costa
2947 3052 3054 3100 no·

360 3124 536 3189 tariis
576 3127 834 3191 ducatus
877 3125 1304 3207 Venetiarum‚
1350 3125 1618 3189 testibus
1664 3126 1740 3190 ad
1793 3127 2094 3208 premissa
2155 3124 2385 3191 vocatis
2454 3124 2799 3207 specialiter
2844 3125 2908 3188 et
2954 3142 3054 3188 ro-

360 3214 528 3297 gatis
575 3217 638 3278 et
680 3213 841 3278 aliis.
890 3213 1022 3296 Ego
1069 3211 1444 3278 Guillelmus
1490 3213 1797 3296 quondam
1849 3234 1947 3278 ser
1992 3212 2351 3278 Thomasini
2414 3214 2487 3278 de
2556 3212 2874 3290 Vicenciis,
2938 3212 3057 3276 im-

359 3303 571 3386 periali
618 3301 988 3366 auctoritate
1036 3302 1306 3367 notarius
1357 3302 1634 3383 publicus
1681 3304 1746 3366 et
1789 3304 2048 3367 ducatus
2079 3300 2483 3366 Venetiarum
2509 3300 2728 3378 scriba,
2763 3299 3052 3383 predictis

358 3391 644 3456 omnibus
690 3394 755 3455 et
799 3390 1060 3473 singulis
1105 3409 1351 3472 presens
1394 3389 1503 3468 fui,
1552 3410 1745 3473 eaque
1805 3395 2058 3474 rogatus
2115 3390 2380 3456 scribere
2426 3388 2489 3452 in
2535 3390 2690 3453 hanc
2736 3388 3050 3472 publicam

357 3481 620 3545 formam
666 3479 907 3562 scripsi,
955 3494 1351 3561 meorumque
1390 3478 1550 3563 signi
1598 3487 1661 3543 et
1708 3480 1969 3544 nominis
2017 3478 2353 3543 munimine
2402 3477 2702 3543 roboravi.

450 3587 1017 3649 Commemorialium
1073 3584 1258 3650 VIII.
1306 3589 1450 3658 172,
1493 3605 1537 3647 u
1573 3587 1728 3648 mlet.
1775 3588 2009 3647 arkivu.

813 3775 1298 3860 ccchIX.
1352 3777 1581 3895 1394,
1638 3775 1687 3858 2
1740 3775 2097 3879 venaco,
2149 3799 2208 3858 u
2262 3753 2598 3859 suaset.

361 3925 609 3999 Stjepan
653 3921 887 3983 Dabisa
931 3922 1093 3994 krazq·
1150 3922 1427 3981 bosanski
1474 3922 1870 3996 preporueuje
1930 3923 2085 3984 mlet.
2148 3922 2440 3996 republiki
2504 3939 2682 3997 svoya
2726 3921 3047 3995 poslanika

581 4014 864 4088 Mihaila,
910 4013 934 4070 i
978 4011 1058 4070 da
1099 4028 1201 4069 mu
1242 4012 1484 4087 viemje,
1529 4011 1619 4070 sto
1650 4012 1747 4084 joj
1790 4028 1868 4070 on
1910 4011 2059 4071 buda
2102 4012 2279 4071 reIoao
2322 4028 2366 4070 u
2409 4011 2647 4085 njcyovo
2690 4011 2822 4070 ime.

573 4116 764 4181 1394.
811 4116 851 4179 2
896 4112 1208 4192 februarii,
1258 4113 1517 4179 Sutisce.
1564 4112 1753 4196 Copia
1800 4114 2123 4179 literarum
2171 4114 2497 4177 missarum
2541 4111 2742 4177 ducali
2774 4112 3044 4177 dominio

367 4227 473 4290 per
516 4207 828 4271 dominum
875 4221 1084 4287 regem
1130 4203 1375 4267 Bosiue.
1434 4201 1968 4267 Excellentissime
2029 4203 2220 4267 frater
2280 4201 2610 4266 carissime.
2703 4198 2861 4280 Quia
2921 4198 3045 4266 iam

365 4295 618 4372 dudum,
652 4293 813 4365 sicut
842 4291 1183 4370 recolimus,
1213 4289 1369 4355 alias
1394 4291 1724 4355 excelentie
1760 4292 1960 4355 vestre
1986 4290 2318 4373 scripsisse,
2346 4289 2769 4354 commisimus
2799 4290 3047 4373 egregio

367 4386 494 4449 viro
541 4382 788 4447 domino
837 4378 1098 4463 Georgio
1145 4378 1609 4460 protovestiario
1655 4380 1862 4444 nostro
1909 4379 2135 4444 dilecto
2168 4378 2287 4442 sibi
2333 4379 2492 4457 note,
2540 4378 2700 4461 quod
2749 4378 2821 4441 de
2852 4378 3046 4460 galeis

369 4471 596 4537 nostris
639 4469 787 4535 istic‘
830 4468 1105 4533 Venetiis
1150 4468 1310 4548 apud
1355 4484 1464 4533 vos
1511 4467 1934 4545 existentibus,
1983 4469 2147 4532 sicut
2191 4466 2381 4545 scitis,
2431 4468 2562 4531 vice
2609 4467 2819 4531 nostra
2884 4466 3051 4531 ordi-

371 4578 515 4625 nare
559 4559 997 4640 disponereque
1041 4555 1296 4621 deberet
1340 4557 1403 4619 et
1446 4558 1674 4637 posset,
1726 4557 1908 4636 prout
1942 4555 2250 4620 videretur
2295 4556 2358 4618 et
2403 4555 2677 4636 placeret
2720 4552 2936 4633 eidem,
2973 4573 3045 4617 ex

372 4650 520 4711 tunc
565 4665 672 4711 nos
716 4648 924 4709 ratum
970 4646 1034 4708 et
1063 4645 1309 4726 gratum
1342 4644 1583 4721 habere,
1616 4642 1910 4725 quidquid
1962 4642 2312 4726 superinde
2343 4642 2591 4721 faceret,
2622 4639 3047 4723 promittendo.

370 4734 455 4800 Et
496 4751 656 4799 nunc
697 4737 827 4816 ipse
870 4731 1366 4798 commissionem
1412 4734 1685 4797 nostram
1750 4731 2104 4797 huiusmodi
2164 4730 2284 4795 sibi
2352 4729 2603 4809 factam,
2674 4730 2821 4873 liget
2887 4728 3043 4794 alias
