3620 5282
3006 351 3128 417 127

404 524 469 588 et
510 523 771 589 nuncius
819 524 1103 608 specialis
1148 525 1348 590 facere
1395 528 1459 590 et
1504 544 1782 590 exercere
1827 528 2036 609 posset
2081 544 2154 590 ac
2199 526 2253 591 si
2298 526 2552 608 ipsimet
2599 524 3005 608 personaliter
3035 524 3131 590 in-

407 612 748 686 teressent3
796 611 1016 676 dantes
1064 614 1128 677 et
1172 613 1573 677 concedentes
1621 613 1923 697 syndiciS,
1973 613 2479 678 ambaxatoribus
2526 613 2590 676 et
2634 612 3127 695 procuratoribus

405 717 616 763 eorum
660 697 954 782 prefactis
1002 701 1066 764 et
1109 700 1369 764 cuilibet
1413 718 1623 764 eorum
1649 701 1712 764 in
1736 700 2029 783 predictis
2054 700 2305 784 plenum
2339 701 2404 765 et
2439 701 2785 765 universale
2831 718 2905 764 ac
2938 700 3129 763 etiam

404 785 668 868 speciale
719 788 784 851 et
828 788 1114 870 generale
1160 787 1542 865 mandatum,
1591 806 1734 851 cum
1768 788 1969 870 plena,
2019 789 2295 871 generali
2342 791 2406 852 et
2446 788 2696 870 speciali
2732 786 3132 851 administra-

406 875 579 938 cione
627 892 698 938 ac
746 874 937 939 etiam
981 876 1322 957 potestate;
1374 876 1805 957 promittentes
1851 894 1917 939 se
1962 881 2188 954 ratum,
2224 877 2474 959 grat-um
2518 877 2581 938 et
2624 874 2874 939 firmum
2906 874 3131 939 habere

399 963 692 1043 perpetuo
739 963 945 1026 totum
993 964 1057 1027 et
1101 962 1386 1045 quicquid
1428 982 1538 1045 per
1581 962 1777 1027 dictos
1826 981 2038 1027 eorum
2085 965 2385 1047 syndicos,
2436 962 2870 1026 ambaxatores
2903 965 2966 1026 et
2990 981 3129 1044 pro-

360 1058 367 1073 *
404 1050 716 1113 curatores
764 1050 862 1114 vel
908 1068 1121 1115 eorum
1170 1050 1438 1114 alterum
1487 1049 1723 1115 factum
1770 1049 1957 1114 fuerit
2003 1051 2067 1114 in
2113 1050 2409 1133 predictis
2460 1050 2746 1115 omnibus
2794 1048 2891 1113 vel
2924 1049 3132 1132 aliquo

404 1135 857 1218 predictorum,
922 1139 1035 1201 sub
1095 1141 1355 1220 ypoteca
1414 1141 1478 1201 et
1539 1137 1923 1219 obligacione
1984 1138 2258 1202 omnium
2326 1138 2624 1201 bonorum
2673 1137 3016 1202 communis
3063 1143 3129 1201 et

400 1223 819 1288 universitatis
868 1224 1138 1288 civitatis
1181 1223 1418 1306 Spaleti
1476 1226 1853 1307 presentium
1903 1225 1966 1288 et
2001 1224 2368 1302 futurorum,
2420 1225 2834 1306 volentesque,
2882 1225 2936 1288 si
2965 1242 3128 1293 ,nec-

405 1328 576 1375 cesse
611 1310 817 1386 fuerit,
864 1311 1211 1394 sepedictos
1244 1329 1453 1375 eorum
1498 1311 1780 1395 syndicos
1828 1315 1892 1376 et
1935 1315 2358 1394 procuratores
2406 1314 2470 1377 et
2524 1311 2868 1393 quemlibet
2913 1329 3124 1376 eorum

410 1396 487 1461 ab
534 1400 702 1462 omni
750 1398 1189 1463 satisfactionis
1240 1398 1463 1463 honere
1511 1399 1825 1477 rellevare,
1874 1399 2257 1464 fideiubendo
2302 1417 2413 1482 pro
2475 1400 2565 1463 eis
2613 1402 2676 1463 et
2722 1418 2933 1463 eorum
2983 1417 3132 1481 quo-

410 1484 566 1550 libet
612 1485 673 1548 in
721 1504 971 1550 omnem
1018 1504 1268 1551 causam
1316 1486 1381 1549 et
1424 1489 1710 1551 eventurn
1756 1489 2173 1569 promiserunt
2213 1487 2401 1551 michi
2433 1486 2702 1551 Johanni
2750 1485 2989 1550 notario
3036 1487 3133 1549 in-

410 1570 729 1654 frascripto
776 1576 1096 1656 tamquam
1145 1572 1391 1656 publice
1438 1592 1691 1656 persone
1737 1574 2064 1657 stipulanti
2110 1577 2175 1639 et
2215 1574 2535 1655 recipienti
2600 1574 2729 1639 vice
2777 1577 2841 1638 et
2884 1575 3130 1638 nomine

408 1661 706 1737 omnium,
754 1679 1014 1743 quorum
1064 1662 1324 1725 interest
1370 1662 1467 1725 vel
1515 1661 1812 1726 interesse
1859 1661 2087 1744 poterit
2142 1663 2213 1725 de
2275 1662 2497 1725 iudicio
2563 1661 2700 1725 sisti
2747 1664 2811 1724 et
2860 1661 3130 1725 iudicato

412 1747 705 1813 solvendo
746 1749 859 1813 sub
904 1751 1165 1831 ypoteca
1211 1752 1275 1814 et
1310 1748 1685 1831 obligatione
1709 1749 2023 1831 predictis.
2073 1751 2303 1813 Actum
2333 1747 2566 1830 Spaleti
2599 1749 2662 1811 in
2695 1748 2931 1830 palacio
2966 1767 3132 1813 com-

403 1836 627 1913 muniS,
677 1836 1105 1918 presentibus:
1155 1835 1391 1901 Jacobo
1456 1838 1709 1900 condam
1778 1836 2194 1900 Bartholomei
2255 1835 2621 1900 cancellario
2682 1836 2832 1900 dicti
2878 1835 3131 1920 'domini

403 1921 669 1999 comitis,
718 1925 782 1987 et
826 1923 1075 1988 Andrea
1120 1923 1412 2001 Pervosii,
1461 1924 1746 2003 testibus,
1797 1923 1862 1987 et
1907 1923 2064 2001 aliis,
2114 1928 2179 1987 et
2226 1923 2465 2007 Duymo
2513 1923 2750 1987 Mathei
2815 1924 3148 2005 examina--

404 2010 556 2073 tore.
595 2010 739 2092 ‘Ego
785 2010 1071 2093 Doymus
1117 2011 1373 2075 condam
1421 2009 1601 2075 Slove
1665 2012 2051 2075 examinator
2111 2013 2181 2074 de
2247 2010 2541 2074 mandato
2604 2009 2836 2075 domini
2881 2010 3127 2074 comitis

404 2096 683 2161 conscius
745 2098 1111 2161 examinavi.
1175 2098 1308 2180 Ego
1369 2097 1686 2162 Johannes
1748 2098 2007 2163 condam
2070 2098 2354 2181 magistri
2405 2097 2564 2161 Zove
2611 2097 2686 2161 de
2740 2097 3129 2161 Draconibus

397 2182 688 2266 publicus
730 2185 1037 2267 imperiali
1095 2186 1467 2250 auctoritate
1533 2187 1848 2264 notariuS,
1913 2189 1975 2249 et
2038 2204 2197 2249 nunc
2256 2185 2405 2249 iuris
2471 2184 2818 2249 communis
2866 2182 3123 2267 Spaleti,

401 2271 696 2353 predictis
742 2272 1025 2336 omnibus
1069 2291 1320 2355 presens
1363 2272 1473 2348 fui,
1521 2291 1708 2354 eaque
1773 2276 2027 2356 rogatus
2092 2272 2311 2354 scripsi
2358 2274 2421 2335 et
2464 2272 2815 2356 publicavi,
2875 2290 3129 2355 meoque

398 2358 574 2441 signo
621 2361 914 2423 consueto
960 2362 1026 2423 et
1071 2362 1216 2424 noto
1262 2360 1509 2425 nomine
1556 2361 1854 2425 roboravi.

484 2449 804 2509 Paetorum
860 2449 923 2509 V.
973 2452 1118 2520 107,
1165 2467 1208 2508 u
1252 2452 1467 2509 arkivu
1513 2450 1870 2509 mlctadkom.

769 2636 1130 2720 CXCIV.
1185 2637 1392 2721 God.
1429 2637 1660 2721 1349.
1717 2640 1817 2722 19
1870 2639 2245 2741 Svlbnja,
2294 2661 2356 2719 u
2407 2637 2800 2720 metelli.

407 2749 570 2837 Sabe
612 2780 675 2822 se
719 2763 908 2837 m'esto
952 2780 1137 2823 novca
1168 2781 1211 2821 u
1241 2763 1464 2823 Zadar.
1512 2764 1777 2825 Izabran
1823 2766 2017 2835 odb0r‚
2065 2766 2144 2824 da
2188 2767 2345 2838 stJ'e
2383 2766 2640 2837 mnievv'c
2680 2783 2713 2824 o
2764 2765 2985 2839 §tedm‘i
3028 2783 3130 2825 no-

962 2868 1111 2910 vaca
1157 2868 1200 2909 u
1240 2853 1505 2924 poslovih
1550 2854 1980 2912 dalmatinskih
2022 2854 2284 2926 pismcno
2319 2853 2588 2925 podnese.

616 2969 802 3035 1349.
851 2970 952 3034 die
996 2971 1148 3035 XIX
1212 2971 1381 3050 maii,
1446 2975 1662 3054 capta:
1733 2972 1890 3055 quod
1954 2972 2196 3054 possint
2256 2971 2426 3034 mitti
2471 2969 2731 3035 Jadram
2798 2990 2909 3054 pro
2955 2972 3132 3057 pagis

403 3056 849 3140 stipendiorum
913 3059 979 3123 et
1044 3060 1323 3141 expensis
1377 3062 1626 3124 omnino
1689 3060 2085 3124 neccessariis
2148 3077 2339 3140 usque
2402 3058 2658 3122 ducatos
2699 3059 2786 3124 IV
2835 3060 3006 3125 mille
3052 3062 3128 3126 de

396 3144 664 3209 denariis
710 3146 941 3210 montis
987 3146 1566 3224 secundum-usum,
1617 3166 1756 3211 cum
1812 3165 2017 3212 comes
2064 3146 2517 3211 instantissime
2581 3148 2754 3227 petat
2814 3147 3021 3230 ipsos,
3069 3150 3134 3214 et

402 3251 502 3296 ser
545 3232 812 3334 Tbomas
856 3233 1085 3297 Viadro
1132 3234 1281 3297 olim
1329 3252 1534 3298 comes
1580 3235 1750 3314 dicit,
1800 3235 1960 3318 quod
2006 3238 2151 3299 sunt
2196 3232 2577 3298 neccessarii.
2623 3234 2853 3324 54‚-de
2899 3254 3019 3299 non
3067 3238 3127 3316 8,

399 3338 521 3384 non
565 3338 808 3490 8¹33?ss
827 3320 1050 3491 :Qquod
1096 3426 1204 3507 pro
1251 3408 1616 3473 aleviatione
1662 3408 2045 3474 infinitarum
2079 3413 2141 3474 et
2172 3408 2663 3492 importabilium
2700 3428 3127 3492 expensarum,

401 3513 552 3578 quas
598 3494 884 3560 continue
934 3495 1245 3560 substinet
1290 3501 1567 3561 nostrum
1603 3515 1928 3561 commune
1960 3515 2070 3579 pro
2106 3496 2283 3561 factis
2309 3494 2647 3575 Sclavonie,
2697 3500 2762 3560 et
2802 3500 3119 3564 occasione
3231 3547 3250 3576 f

400 3582 870 3647 ambaxatarum
919 3583 1273 3647 nostrarum
1323 3587 1627 3648 terrarum
1677 3583 1992 3649 Sclavonie
2035 3591 2100 3649 et
2141 3584 2385 3648 comitis
2428 3584 2628 3662 Pauli,
2678 3603 2796 3666 que
2843 3588 2989 3650 sunt
3019 3586 3122 3651 hic

408 3673 470 3733 et
516 3675 879 3752 receperunt
924 3671 1376 3753 responsionem
1423 3691 1605 3754 super
1647 3673 1846 3748 factis,
1897 3691 2012 3755 que
2063 3673 2258 3754 pridie
2307 3671 2540 3754 scripta
2584 3671 2837 3736 fuerunt
2881 3674 2971 3737 eis
3013 3692 3122 3757 pro

400 3755 562 3821 facto
613 3757 978 3839 paisinatici‚
1027 3758 1338 3841 eligantur
1399 3761 1526 3823 tres
1591 3759 1899 3842 sapientes
1964 3779 2072 3841 per
2138 3760 2289 3823 duas
2353 3778 2571 3823 manus
2635 3759 3004 3824 electionum
3059 3761 3124 3825 in

399 3842 520 3908 isto
570 3846 841 3923 consilio,
892 3850 956 3909 et
1002 3864 1122 3909 una
1161 3846 1355 3930 tercia
1397 3846 1508 3910 fiat
1571 3866 1682 3929 per
1743 3847 2097 3925 dominum,
2161 3846 2547 3911 consiliarios
2610 3849 2674 3910 et
2719 3847 2963 3928 capita,
2999 3848 3128 3930 *qui

398 3932 753 3998 examinent
798 3934 863 3997 et
906 3932 1056 3996 dent
1100 3933 1280 3997 nobis
1327 3953 1510 4016 super
1554 3934 1849 4016 predictis
1897 3955 2077 3999 suum
2127 3934 2451 3999 consilium
2517 3935 2579 3997 in
2628 3934 2916 4016 scriptiS,
2982 3953 3128 3999 cum

396 4022 515 4101 quo
563 4019 795 4085 erimus
833 4020 953 4098 hic,
1002 4022 1065 4083 et
1110 4022 1237 4099 fiet,
1286 4025 1358 4086 ut
1403 4021 1731 4101 videbitur,
1798 4023 1863 4086 et
1909 4022 2173 4104 quilibet
2232 4022 2430 4105 possit
2485 4039 2707 4103 ponere
2771 4025 3013 4103 partem
3063 4024 3127 4086 et

395 4105 667 4175 habeant
711 4107 1049 4172 terminum
1096 4128 1205 4191 per
1232 4110 1455 4174 totum
1504 4129 1777 4174 mensem
1817 4111 2181 4192 presentem,
2227 4112 2290 4172 et
2323 4111 2570 4173 vocetur
2600 4110 2929 4173 consilium
2960 4109 3127 4175 omni

399 4194 529 4259 vice
576 4213 687 4278 pro
734 4196 1026 4278 predictis
1075 4197 1189 4261 sub
1228 4215 1384 4277 pena
1432 4196 1767 4260 solidorum
1816 4197 1895 4276 X,
1945 4200 2009 4260 et
2069 4197 2313 4279 possint
2373 4196 2570 4278 accipi
2625 4196 2698 4259 de
2760 4199 2926 4261 omni
2971 4197 3125 4275 1000,

406 4282 677 4365 exceptis
725 4283 1243 4365 procuratoribus,
1292 4283 1592 4367 patronis,
1642 4284 1948 4349 iudicibus
1994 4285 2211 4366 palatii
2264 4286 2327 4347 et
2374 4284 2748 4363 consulibuS,
2798 4302 2918 4349 non
2965 4286 3128 4349 acci-

396 4368 618 4452 piendo
661 4371 802 4453 plus
849 4388 1036 4453 quam
1079 4369 1111 4432 I
1157 4390 1264 4452 pro
1312 4371 1531 4436 officio.

609 4457 812 4522 Electi
851 4457 1161 4540 sapientes
1193 4477 1292 4522 ser
1337 4458 1639 4523 Nicolaus
1688 4458 1921 4536 Pisani,
1973 4477 2072 4521 ser
2120 4459 2369 4524 Marcus
2416 4456 2747 4537 Cornario,
2812 4478 2910 4524 ser
2957 4460 3123 4542 Phy-

390 4541 605 4695 1Ῑὶξίρριιει
651 4543 819 4609 Orio.
867 4544 1069 4608 Electi
1117 4545 1218 4609 die
1263 4546 1443 4611 XXV
1487 4546 1655 4610 iulii:
1711 4565 1810 4611 ser
1855 4546 2149 4610 Nicolaus
2195 4547 2430 4623 Leone,
2495 4564 2593 4609 ser
2654 4545 2996 4630 Raynerius
3043 4547 3120 4612 de

465 4632 620 4695 usto.

480 4720 658 4781 Misti
709 4721 836 4782 XX
847 4721 913 4783 V.
964 4725 1063 4793 19,
1100 4740 1143 4781 u
1185 4723 1526 4785 mlctadkom
1572 4726 1803 4785 arkivu.
