3620 5282
2998 381 3131 449 365

405 547 557 614 mini
602 547 829 615 Veneti
874 550 1164 616 volebant
1206 550 1430 616 habere
1476 552 1819 618 custodiam
1865 551 2139 619 civitatis
2184 553 2251 619 et
2293 552 2583 620 Jadrensi
2627 553 2892 620 insulam
2943 556 3126 642 Pagi,

405 637 568 703 sicut
609 636 926 704 habebant
969 640 1112 704 ante
1157 639 1392 704 motam
1439 657 1746 723 guerram.

613 723 989 791 obtulerunt
1031 727 1245 791 tamen
1289 725 1575 792 Jadrensi
1620 727 1740 792 XV
1784 727 2025 794 nobiles
2070 746 2181 813 pro
2209 727 2524 794 obsidibus
2569 729 2635 794 in
2678 729 2962 796 Venetiis
2993 749 3126 797 mo-

405 812 649 879 raturos
681 830 794 897 pro
838 813 1173 879 securitate
1231 831 1464 896 eorum,
1528 816 1584 879 si
1644 816 1918 882 castrum
1978 816 2215 883 vellent
2278 817 2593 883 destruere
2654 817 2720 883 et
2775 817 3128 884 custodiam

402 899 679 968 civitatis
724 900 813 966 eis
860 900 1195 967 dimittere.

613 988 906 1055 Potentes
950 989 1206 1073 insuper
1252 989 1402 1055 dicti
1445 989 1684 1056 nobiles
1730 990 2042 1072 Jadrensi,
2090 989 2254 1076 quod
2300 991 2356 1067 si
2398 1010 2592 1075 usque
2636 991 2716 1058 ad
2746 992 2962 1059 decem
3010 1011 3124 1060 no-

400 1074 558 1142 biles
603 1074 939 1142 Jadrenses
984 1095 1059 1142 ex
1105 1077 1475 1158 estrinseciS‚
1520 1079 1625 1161 qui
1668 1078 1878 1145 volent
1924 1079 2157 1144 intrare
2199 1079 2319 1144 sub
2365 1078 2496 1144 illis
2538 1082 2736 1162 pactis
2757 1129 2773 1160 ,
2823 1082 2984 1164 quod
3029 1101 3122 1147 re·

401 1163 614 1230 missis
660 1164 905 1230 iniuriis
963 1165 1054 1231 uti
1115 1166 1359 1248 possint
1418 1165 1685 1231 ubilibet
1744 1166 1809 1231 in
1870 1166 2054 1231 terris
2114 1165 2503 1233 dominorum
2550 1168 2963 1244 Venetorum,
3032 1170 3124 1235 ita

400 1251 611 1317 tamen
655 1250 820 1334 quod
866 1251 954 1318 eis
997 1251 1272 1318 solvatur
1302 1253 1580 1337 precium
1626 1252 2082 1337 possessionum
2115 1271 2388 1335 suarum,
2434 1255 2596 1321 sicut
2632 1255 2926 1322 valebant
2956 1258 3118 1323 tem-

394 1356 540 1422 pore
583 1342 750 1406 mote
801 1357 1042 1424 guerre.

612 1425 860 1491 Domini
908 1429 1118 1493 autem
1165 1428 1613 1494 ambaxiatores
1669 1428 1935 1496 libenter
1981 1428 2336 1494 ultimatam
2402 1430 2864 1513 responsionem
2910 1431 2976 1497 et
3023 1432 3127 1497 in-

400 1512 744 1580 tentionem
789 1513 1178 1580 dominorum
1220 1515 1595 1582 Venetorum
1655 1536 1842 1601 supra
1902 1515 2286 1599 quibuslibet
2344 1516 2626 1582 articulis
2681 1538 2754 1583 ex
2817 1519 3121 1602 predictis

402 1601 618 1687 petitis
664 1620 773 1685 per
817 1601 1066 1668 eosdem
1113 1600 1378 1669 libenter
1397 1603 1689 1670 habuisse
1736 1603 2095 1670 voluissent.
2141 1602 2259 1670 Sed
2306 1603 2420 1670 hoc
2463 1604 2610 1669 dicti
2636 1604 2860 1670 Veneti
2909 1606 3121 1673 uulla-

398 1690 575 1755 tenus
615 1689 817 1755 facere
863 1691 1207 1768 voluerunt,
1257 1691 1376 1757 nisi
1423 1693 1497 1757 ut
1541 1711 1729 1775 supra
1770 1691 2062 1770 fecerant,
2111 1694 2457 1757 asserentes
2503 1692 2664 1774 quod
2726 1693 2960 1759 frustra
3010 1695 3120 1761 de-

393 1776 705 1843 clararent
747 1777 906 1843 alias
950 1778 1375 1861 responsiones
1437 1782 1501 1844 et
1561 1779 1753 1843 aliam
1815 1778 2077 1844 ulterius
2123 1779 2506 1845 voluntatem
2555 1797 2787 1860 eorum,
2854 1781 2974 1846 nisi
3021 1800 3120 1848 re-

393 1864 780 1947 sponsionem
826 1866 890 1930 et
945 1864 1352 1931 intentionem
1413 1866 1714 1933 haberent
1774 1866 2168 1933 dominorum
2221 1868 2661 1952 Hungarorum
2727 1870 2793 1933 et
2858 1867 3123 1935 Jadren-

393 1951 560 2018 sium
604 1970 792 2036 supra
840 1952 1123 2018 articulis
1170 1955 1237 2019 et
1274 1953 1646 2019 differentiis
1691 1954 2044 2021 antedictis.

601 2037 1077 2107 Ambaxiatores
1143 2042 1354 2108 autem
1416 2040 1678 2125 predicti
1738 2041 1801 2107 in
1864 2041 2145 2108 Venetiis
2209 2059 2397 2125 supra
2457 2040 2641 2107 factis
2701 2041 2745 2108 J
2747 2041 3105 2109 adrensium

391 2127 761 2194 concordare
806 2145 927 2192 non
975 2128 1251 2195 volentes
1299 2148 1442 2195 cum
1486 2129 1733 2195 domino
1779 2128 1935 2195 duce
1993 2130 2059 2196 in
2105 2129 2400 2195 discussis
2460 2132 2526 2195 et
2570 2129 2635 2194 in
2677 2129 3121 2197 determinatis

394 2214 538 2280 aliis
582 2214 1031 2299 principalibus
1093 2215 1378 2281 articulis
1440 2217 1892 2299 pertinentibus
1955 2218 2030 2283 ad
2091 2216 2411 2282 dominum
2472 2234 2682 2300 regem
2707 2266 2723 2296 ,
2786 2217 3120 2284 licentiam

390 2301 718 2369 recedendi
762 2309 1142 2386 receperunt,
1192 2321 1315 2387 qua
1359 2303 1589 2385 habita,
1640 2304 1915 2370 Paduam
1987 2305 2316 2383 venerunt,
2375 2304 2482 2370 ubi
2548 2304 2864 2371 habebant
2924 2325 3037 2392 equ
3050 2324 3118 2372 os

392 2406 557 2472 suos,
603 2408 817 2457 versus
856 2391 1244 2475 Hungariam
1290 2391 1680 2458 intendentes
1725 2394 2015 2476 prosequi
2060 2391 2179 2457 iter
2225 2411 2429 2458 suum.

605 2477 1063 2545 Accedentibus
1110 2480 1305 2563 igitur
1329 2479 1856 2546 ambaxiatoribus
1896 2479 2190 2563 predictis
2212 2479 2508 2560 Paduam,
2541 2483 2913 2547 reverendus
2946 2483 3121 2565 pater

390 2564 674 2631 dominus
721 2565 1074 2632 Paretensis
1119 2567 1441 2651 episcopus
1486 2568 1676 2633 etiam
1721 2567 2001 2634 Paduam
2046 2567 2330 2647 accessit,
2392 2571 2459 2634 et
2504 2569 2790 2634 dominus
2839 2568 3120 2635 civitatis

391 2653 598 2720 Padue
643 2654 841 2720 voluit
877 2656 1035 2720 scire
1081 2673 1323 2734 causas,
1367 2657 1618 2739 propter
1662 2674 1816 2740 quas
1862 2656 2183 2722 concordia
2204 2657 2612 2734 remanserat,
2662 2658 2740 2722 ab
2799 2657 3119 2722 ambaria-

388 2741 628 2807 toribus
672 2741 1022 2808 antedictis
1093 2742 1270 2808 Unde
1333 2743 1586 2826 cupiens
1647 2744 1856 2826 partes
1916 2744 2142 2809 iterato
2202 2744 2280 2807 ad
2349 2744 2739 2809 concordiam
2806 2745 3115 2826 reducere,

389 2828 688 2896 vicarium
735 2848 916 2896 suum
962 2848 1102 2895 cum
1149 2829 1335 2896 certis
1381 2830 1525 2896 aliis
1571 2830 1878 2896 militibus
1922 2831 1999 2896 de
2045 2830 2423 2896 confidencia
2464 2832 2960 2898 ambaxiatorum
3011 2834 3120 2898 do-

389 2915 546 3067 }nini
589 2916 755 3000 regis
799 2917 1096 3068 Vienetias
1141 2917 1495 2984 destinavit.
1558 2918 1642 2983 Et
1687 2917 1974 2984 dominus
2026 2917 2378 2983 Paretensis
2440 2919 2765 3003 episcopus
2828 2937 3113 2986 reversus

418 3004 514 3069 uit
553 3023 695 3070 cum
743 3004 832 3070 eis
878 3023 997 3070 em.

600 3088 827 3157 Nuncii
871 3093 1082 3158 autem
1129 3091 1360 3158 domini
1403 3091 1680 3160 civitatis
1727 3093 1939 3158 Padue
1986 3091 2245 3175 predicti
2298 3094 2580 3175 presente
2637 3093 2882 3159 domino
2929 3095 3119 3161 Pare·

390 3179 565 3245 tense
612 3180 901 3264 episcopo
966 3179 1131 3245 inter
1186 3182 1392 3246 cetera
1454 3180 1701 3246 domino
1745 3181 1889 3246 duci
1950 3181 2232 3245 dixerunt
2295 3180 2818 3247 ambaxiatoribus
2882 3182 3116 3249 domini

390 3266 557 3350 regis
601 3266 944 3352 Hungarie,
993 3268 1097 3351 qui
1148 3267 1213 3332 in
1258 3267 1563 3333 discordia
1585 3271 1974 3334 recesserant
2009 3269 2084 3333 de
2119 3267 2419 3347 VenetiiS,
2447 3268 2722 3335 Paduam
2747 3269 3117 3354 applicuisse

391 3352 468 3418 ad
511 3354 899 3438 Hungariam
947 3356 1172 3420 reverti
1198 3356 1493 3434 volenteS,
1542 3374 1681 3420 cum
1709 3358 1920 3421 autem
1965 3356 2098 3440 ipse
2140 3357 2218 3423 ob
2241 3355 2534 3421 honorem
2561 3357 2836 3439 partium
2871 3359 3117 3442 optaret

389 3459 607 3524 pacem
652 3443 717 3507 et
759 3441 1169 3522 concordiam,
1219 3444 1286 3508 et
1329 3444 1520 3508 etiam
1567 3461 1677 3525 pro
1726 3462 1836 3509 suo
1883 3444 2154 3523 comodo,
2223 3443 2365 3526 quia
2410 3443 2647 3510 vicinus
2695 3447 2809 3524 est,
2858 3446 2966 3511 ubi
3011 3448 3118 3512 do·

391 3528 579 3594 minis
625 3529 881 3596 Venetis
928 3528 1202 3612 placeret
1246 3531 1369 3596 sibi
1415 3529 1735 3597 notificare
1783 3530 2164 3609 diserentias,
2227 3531 2289 3594 in
2338 3531 2560 3613 quibus
2623 3534 2925 3598 tractatus
2973 3552 3118 3598 con-

390 3616 592 3681 cordie
628 3620 1011 3683 remanserat
1051 3637 1193 3683 cum
1241 3619 1765 3684 ambaxiatoribus
1812 3619 2182 3697 antedictiS,
2252 3618 2384 3700 ipse
2448 3620 2585 3684 erat
2644 3622 2899 3703 paratus
2944 3620 3116 3686 labo·

392 3721 527 3769 rare
573 3722 715 3770 cum
762 3706 1002 3771 nunciis
1048 3706 1424 3788 apostoliciS,
1473 3709 1546 3770 ut
1592 3725 1779 3788 supra
1823 3705 2167 3771 diserentiis
2213 3705 2366 3789 ipsis
2413 3709 2631 3788 partes
2697 3707 3113 3787 concordaret,

392 3792 458 3857 et
498 3794 826 3875 propterea
869 3792 1320 3858 ambaxiatores
1366 3793 1599 3858 domini
1645 3795 1812 3877 regis
1859 3811 2175 3859 remanere
2218 3791 2449 3858 faceret
2520 3813 2628 3876 per
2675 3795 2911 3877 aliquos
2957 3796 3106 3860 dies.

601 3879 853 3946 Domini
896 3880 1155 3959 Veneti,
1203 3882 1312 3965 qui
1370 3879 1738 3946 videbantur
1797 3880 2039 3958 dolere,
2102 3881 2261 3965 quod
2324 3899 2443 3964 pax
2495 3878 2662 3946 facta
2720 3900 2839 3945 non
2885 3879 3115 3960 fuerat,
3202 3911 3205 3914 “

390 3967 639 4050 gratam
683 3967 1029 4034 habuerant
1063 3968 1481 4034 ambaxiatam
1515 3967 1749 4034 domini
1794 3968 2070 4034 civitatis
2103 3967 2334 4046 Padus,
2384 3966 2491 4033 sed
2523 3968 2790 4051 quadam
2836 3969 2932 4034 usi
2969 3987 3116 4035 cau-

392 4053 546 4119 tella
590 4073 702 4121 nec
746 4057 933 4121 verbo
978 4055 1202 4137 dicere,
1250 4074 1361 4122 nec
1406 4055 1468 4120 in
1519 4055 1765 4139 scriptis
1822 4055 1967 4121 dare
2014 4057 2346 4123 voluerunt
2403 4054 2927 4122 ambaxiatoribus
2974 4075 3115 4140 pre-

393 4141 574 4207 dictis
619 4141 857 4208 domini
902 4143 1181 4209 Paduani
1227 4143 1528 4209 articulos
1574 4143 1817 4209 habitos
1863 4162 2051 4227 supra
2092 4144 2363 4209 tractatu
2409 4144 2753 4222 concordie,
2803 4162 2915 4208 nec
2959 4143 3114 4211 dife-

391 4229 626 4295 rencias
673 4230 940 4308 easdem,
988 4232 1097 4296 sed
1142 4229 1605 4314 responderunt,
1675 4231 1837 4313 quod
1900 4251 2010 4314 per
2056 4231 2310 4297 nuncios
2373 4249 2550 4305 suos,
2614 4249 2771 4313 quos
2833 4231 3113 4298 Paduam

393 4314 797 4397 destinarent,
845 4318 1093 4384 domino
1123 4319 1559 4402 responderent
1584 4318 1898 4399 Paduano,
1947 4320 2010 4384 et
2054 4317 2143 4384 sic
2166 4319 2611 4384 ambaxiatores
2642 4318 2879 4384 domini
2902 4320 3115 4386 Padue
3248 4327 3256 4336 ’

388 4402 466 4469 de
513 4403 790 4470 Venetiis
835 4405 1114 4472 Paduam
1160 4408 1306 4471 sunt
1348 4405 1596 4471 reversi.

597 4493 750 4559 Post
784 4492 898 4560 hec
941 4492 1342 4559 cancellarius
1388 4493 1773 4559 dominorum
1819 4493 2197 4559 Venetorum
2244 4493 2521 4557 Paduam
2567 4493 2741 4559 venit
2784 4512 2926 4560 cum
2959 4495 3116 4563 duo-

388 4577 506 4644 bus
550 4579 811 4645 notariis
852 4599 1153 4661 asserens,
1200 4580 1361 4665 quod
1405 4599 1513 4663 per
1555 4580 1874 4646 dominum
1898 4582 2115 4646 ducem
2162 4579 2366 4646 fuerat
2388 4581 2615 4645 missus
2661 4581 2739 4645 ad
2785 4583 3109 4647 dominum

286 4665 289 4668 “
388 4666 660 4734 civitatis
707 4668 917 4734 Padue
961 4686 1146 4734 causa
1189 4667 1447 4733 natandi
1507 4668 1627 4734 sibi
1646 4673 1663 4684 “
1686 4670 1889 4734 totum
1950 4670 2289 4734 tractatum
2352 4668 2639 4733 habitum
2708 4687 2896 4752 supra
2969 4687 3112 4734 con-

387 4753 598 4822 cordia
639 4756 844 4822 fienda
886 4757 1047 4822 inter
1092 4754 1413 4822 dominum
1470 4774 1682 4841 regem
1726 4754 2048 4841 Hungarie
2093 4757 2157 4820 et
2202 4753 2483 4820 dominos
2527 4754 2799 4821 Venetos
2818 4803 2835 4837 ,
2901 4755 3110 4838 prote-
