3620 5282
3002 349 3086 415 59

850 526 1020 609 XC.
1091 527 1295 611 God.
1350 527 1577 610 1348.
1631 526 1680 608 3
1730 528 2072 629 etnika,
2126 552 2184 610 u
2240 528 2628 611 Mletcih.

399 630 735 731 Ovzasbujb
761 673 822 716 se
864 655 1170 729 poslanici,
1216 655 1377 713 idaci
1423 656 1461 713 k
1505 656 1823 728 aqam-hrt).
1877 656 2109 728 kralju,
2157 656 2235 713 da
2276 673 2452 714 uzmu
2496 674 2538 713 u
2581 656 2777 728 zajam
2821 673 2863 713 u
2898 656 3088 727 javno

890 745 1003 802 ime
1047 744 1277 803 onoliko
1322 759 1522 815 novca,
1572 744 1761 803 keliko
1808 744 1867 802 bi
1898 745 2016 817 jim
2056 744 2339 803 trebovati
2382 744 2582 817 moyla

605 882 678 947 In
727 882 957 949 Christi
1003 882 1248 948 nomine
1291 902 1490 960 amen,
1537 901 1697 948 anno
1750 884 2088 949 nativitatis
2148 883 2421 947 eiusdem
2468 879 2798 946 millesimo
2847 881 3089 945 trecen-

393 971 618 1035 tesimo
665 971 1128 1055 quadragesimo
1174 973 1408 1047 octavo,
1458 971 1789 1037 indictione
1836 972 2053 1055 prima,
2103 971 2200 1036 die
2245 970 2433 1035 tercio
2482 968 2711 1034 mensis
2760 968 2992 1045 marcii,
3028 969 3088 1031 in

391 1058 596 1123 ducali
639 1058 875 1140 palacio
922 1060 1315 1124 Venetiarum
1363 1061 1749 1143 presentibus
1797 1061 2071 1143 sapiente
2111 1060 2239 1125 viro
2296 1059 2538 1123 domino
2582 1056 2837 1121 Nicolao
2886 1055 3088 1121 Pisto-

390 1147 522 1210 rino
562 1148 819 1211 ducatus
866 1147 1263 1212 Venetiarum
1329 1146 1723 1225 cancellario,
1789 1168 1860 1212 ac
1921 1147 2318 1229 prudentibus
2365 1147 2513 1210 viris
2576 1164 2674 1209 ser
2723 1144 2970 1208 Andrea
3016 1145 3088 1209 de

405 1232 618 1316 Capite
661 1236 923 1318 aggeriS,
973 1255 1069 1300 ser
1120 1236 1429 1317 Stephano
1475 1236 1549 1301 de
1595 1237 1955 1312 FranchinO,
2000 1255 2095 1300 ser
2142 1234 2416 1301 Guidone
2464 1233 2741 1309 Civrano,
2790 1232 2937 1296 dicti
2981 1231 3092 1296 du-

395 1323 567 1387 catus
612 1323 832 1387 scribis
892 1324 955 1388 et
1012 1322 1152 1387 aliis
1198 1324 1275 1388 ad
1322 1324 1432 1388 hec
1495 1324 1723 1389 vocatis
1783 1323 2050 1388 testibus
2112 1326 2177 1389 et
2222 1323 2473 1406 rogatis,
2539 1322 2755 1386 Pateat
2807 1320 3089 1385 omnibus

402 1410 730 1488 evidenter,
778 1411 934 1493 quod
982 1429 1091 1475 nos
1117 1412 1388 1476 Andreas
1416 1412 1698 1476 Dandulo
1736 1413 1833 1477 dei
1878 1412 2078 1496 gratia
2102 1411 2519 1488 Venetiarum,
2567 1407 2876 1474 Dalmatie
2908 1411 3091 1491 atque

401 1497 695 1562 Chroacie
741 1499 897 1577 dux,
946 1500 1228 1563 dominus
1289 1503 1504 1581 quarte
1557 1502 1749 1582 partis
1808 1502 1872 1564 et
1938 1500 2187 1564 dimidie
2250 1499 2440 1563 totius
2503 1496 2746 1580 imperii
2794 1496 3091 1560 Romanie

403 1588 850 1651 committimus
896 1587 1069 1651 vobis
1115 1586 1421 1651 nobilibus
1476 1589 1624 1653 viris
1672 1588 1879 1652 Marco
1910 1587 2275 1663 Justiniano,
2325 1585 2567 1650 Andree
2614 1586 2977 1649 Mauroceno
3030 1587 3094 1649 et

400 1673 658 1738 Nicolao
704 1674 1061 1752 Gradonico,
1109 1677 1606 1741 ambaxatoribus
1655 1677 1876 1743 nostris
1923 1676 2100 1740 ituris
2146 1677 2226 1740 ad
2272 1673 2728 1739 serenissimum
2774 1672 3089 1736 dominum

401 1762 777 1827 Ludovicum
820 1763 917 1827 dei
964 1763 1167 1846 gratia
1214 1764 1562 1847 Hungarie,
1619 1764 1971 1830 Jerusalem
2035 1767 2100 1829 et
2163 1763 2369 1829 Sicilie
2429 1782 2673 1845 regem,
2722 1763 2785 1826 et
2844 1762 3091 1844 plenam

396 1851 691 1915 virtutem
738 1854 802 1915 et
846 1854 1217 1933 potestatem
1281 1852 1452 1916 vobis
1514 1855 1728 1917 damus
1791 1856 2003 1917 tenore
2062 1853 2435 1936 presentium
2482 1848 2831 1933 accipiendo
2877 1850 3092 1913 mutuo

392 1957 573 2020 snper
618 1941 899 2003 nostrum
950 1958 1271 2004 commune
1314 1941 1391 2004 ab
1438 1941 1604 2005 omni
1665 1960 1921 2024 persona
1981 1943 2111 2004 tam
2175 1941 2389 2005 veneta
2452 1957 2635 2025 quani
2697 1938 2951 2002 forensis
3012 1936 3091 2000 ad

394 2045 578 2108 quam
625 2026 936 2092 meliorem
988 2047 1229 2109 presam
1277 2029 1561 2111 poteritis
1606 2048 1715 2112 pro
1762 2031 1967 2093 nostro
2012 2028 2323 2093 communi
2347 2046 2590 2092 omnem
2624 2026 2876 2109 pecunie
2901 2043 3091 2106 quan-

394 2116 663 2193 titatem,
713 2134 827 2198 que
875 2116 1045 2180 vobis
1093 2117 1466 2180 neccessarie.
1514 2116 1700 2191 fuerit
1744 2136 1853 2200 pro
1901 2117 2124 2181 vestris
2163 2115 2438 2199 expensis
2484 2116 2547 2179 in
2593 2114 2918 2179 ambaxata
2949 2132 3086 2195 pre-

398 2203 582 2280 dicta,
631 2221 702 2267 ac
747 2203 1140 2285 promittendi
1187 2205 1430 2270 nomine
1475 2207 1665 2270 nostri
1727 2206 2089 2281 communi-5,
2137 2206 2295 2287 quod
2340 2205 2534 2286 ipsam
2593 2203 2845 2285 pecunie
2900 2219 3092 2282 quan-

393 2290 660 2369 titatem,
710 2309 892 2374 quam
935 2293 1258 2376 propterea
1303 2294 1679 2376 acciperetis,
1736 2294 1871 2358 dari
1928 2297 1991 2359 et
2036 2293 2277 2358 restitui
2332 2292 2625 2356 faciemus
2688 2288 3091 2355 creditoribus

394 2398 499 2443 seu
547 2380 781 2443 nuntiis
828 2399 1038 2445 eorum
1084 2380 1159 2444 de
1205 2382 1498 2463 peccunia
1543 2381 1737 2446 nostri
1777 2382 2122 2446 communis
2168 2380 2323 2446 infra
2366 2380 2518 2444 illud
2562 2380 2808 2460 tempus
2855 2379 2922 2441 et
2967 2378 3144 2466 ter-*⁴

392 2466 651 2545 minum,
699 2467 859 2549 quod
900 2487 1007 2531 seu
1049 2488 1229 2550 quem
1280 2488 1387 2551 per
1435 2488 1538 2533 vos
1584 2470 1768 2534 suerit
1804 2470 2172 2547 ordinatum,
2221 2487 2294 2534 ac
2330 2467 2803 2552 promissioneS‚
2852 2463 3092 2548 obliga-

386 2554 601 2631 tiones,
667 2556 1148 2620 renuntiationes
1210 2558 1273 2620 et
1333 2557 1695 2622 securitates
1756 2558 2021 2623 faciendi
2082 2576 2289 2623 omnes
2352 2560 2414 2621 et
2460 2554 2797 2638 quaslibet,
2845 2552 3090 2636 quein

391 2643 682 2726 predictis
729 2647 792 2708 et
836 2646 996 2709 circa
1042 2644 1317 2727 predicta
1360 2647 1588 2710 fuerint
1634 2651 2016 2731 opportuna;
2079 2648 2142 2712 et
2188 2644 2604 2729 promittimus
2648 2641 2927 2718 firmum,
2996 2661 3090 2705 ra·

392 2735 527 2795 tum
576 2734 639 2796 et
683 2733 927 2815 gratum
982 2733 1274 2815 perpetuo
1319 2735 1542 2798 habere
1601 2754 1672 2800 ac
1733 2755 1972 2801 servare
2033 2744 2094 2799 et
2143 2734 2475 2816 adimplere
2523 2733 2736 2796 ,totum
2785 2730 2883 2807 id,
2931 2729 3091 2813 quod

390 2839 499 2902 per
543 2838 649 2883 vos
696 2819 925 2885 factum
973 2821 1158 2885 fuerit
1204 2824 1267 2886 et
1310 2823 1676 2904 promissum
1723 2824 1786 2886 in
1832 2822 2122 2906 predictis
2170 2825 2232 2887 et
2277 2821 2550 2905 quolibet
2582 2819 2992 2901 predictorum
3026 2820 3089 2883 et

393 2926 511 2971 non
557 2909 967 2974 contrafacere
1012 2910 1108 2973 vel
1153 2909 1356 2974 venire
1402 2910 1475 2974 de
1535 2912 1665 2976 iure
1715 2911 1812 2975 vel
1857 2911 1932 2975 de
1979 2911 2139 2975 facto
2202 2911 2314 2975 sub
2374 2908 2749 2991 obligatione
2797 2908 3088 2971 bonorum

395 2996 672 3060 omnium
718 2999 1060 3062 communis
1094 2998 1497 3062 Venetiarum
1543 3001 1916 3080 presentium
1965 3001 2028 3064 et
2072 2998 2436 3063 futurorum.
2485 2995 2557 3059 In
2590 2995 2760 3060 cuius
2792 2995 2878 3059 rei
2910 2994 3093 3059 fidem

400 3086 464 3148 et
509 3082 877 3149 evidentiam
925 3085 1256 3168 pleniorem
1305 3105 1551 3168 presens
1576 3086 2051 3152 instrumentum
2100 3086 2228 3150 fieri
2276 3087 2566 3151 iussimus
2613 3103 2719 3166 per
2742 3083 3093 3148 Nicolinum

395 3173 465 3236 de
515 3172 901 3256 Fraganesco
949 3173 1146 3237 nostri
1191 3174 1448 3238 ducatus
1497 3177 1819 3252 notarium,
1864 3177 1927 3240 et
1957 3174 2128 3240 bulla
2158 3175 2368 3239 nostra
2399 3172 2686 3256 plumbea
2709 3171 3090 3237 communiri.

599 3260 669 3325 L.
720 3261 781 3326 S.
830 3262 961 3343 Ego
1010 3261 1331 3326 Nicolinus
1377 3263 1448 3325 de
1494 3263 1876 3345 Fraganesco
1918 3262 2224 3345 imperiali
2280 3261 2648 3327 auctoritate
2694 3261 2966 3325 notarius
3031 3262 3094 3325 et

399 3348 660 3413 ducatus
706 3346 1103 3414 Venetiarum
1151 3351 1353 3414 scriba
1397 3350 1690 3434 predictis
1736 3351 2020 3415 omnibus
2064 3355 2127 3415 et
2172 3350 2432 3434 singulis
2464 3348 2731 3427 interfui,
2781 3351 2845 3414 et
2888 3349 2950 3412 in
2980 3368 3093 3431 pu-

390 3437 615 3502 blicam
664 3437 925 3502 formam
970 3437 1196 3520 redegi.

478 3529 760 3588 Izvornik
802 3546 885 3587 na
916 3530 1262 3604 pergameni
1299 3547 1343 3588 u
1387 3529 1601 3588 arkivu
1642 3531 1996 3591 mletad‘kom.

845 3716 1067 3799 XCI.
1122 3717 1327 3800 God.
1381 3718 1608 3801 1348.
1665 3720 1716 3802 8
1767 3721 2106 3823 ozujka,
2159 3743 2221 3803 u
2271 3718 2657 3801 Mletcih.

720 3845 901 3919 Dalje
944 3863 976 3903 o
1024 3847 1297 3917 naputku
1341 3864 1414 3904 za
1440 3848 1754 3920 poslanike
1798 3848 2060 3908 odlazeCe
2105 3849 2143 3906 k
2187 3848 2504 3923 aqam-hrt).
2554 3846 2772 3918 kralju.

609 3962 794 4029 1348.
833 3964 930 4029 die
978 3965 1129 4029 VIII
1177 3966 1401 4042 martii,
1451 3971 1664 4049 capta:
1728 3967 1888 4051 quod
1932 3968 1983 4032 si
2031 3966 2178 4031 dicti
2223 3967 2417 4032 nostri
2463 3967 2882 4032 ambaxatores
2929 3962 3091 4028 obti-

394 4070 539 4116 nere
585 4071 705 4116 non
750 4055 1003 4135 possent
1045 4054 1316 4117 nostram
1364 4054 1767 4119 intentionem
1814 4074 1922 4138 per
1965 4056 2229 4138 aliquem
2275 4057 2573 4121 dictorum
2623 4054 2979 4130 modorum,
3029 4053 3093 4117 et

398 4140 559 4222 quod
599 4159 703 4204 rex
750 4141 1002 4219 diceret,
1050 4143 1208 4225 quod
1251 4144 1638 4207 contentatur
1682 4145 1891 4225 pocius
1938 4143 2012 4208 de
2076 4143 2296 4208 stando
2357 4141 2688 4227 cognitioni
2751 4153 2815 4206 et
2874 4138 3090 4206 iuditio

393 4226 743 4310 aliquorum
786 4248 858 4292 ex
904 4229 1285 4312 principibus
1333 4230 1561 4307 mundi,
1611 4235 1675 4295 et
1720 4231 1884 4294 ultra
1931 4231 2045 4295 hoc
2076 4234 2314 4313 peteret
2358 4233 2422 4295 et
2464 4230 2802 4313 requireret
2845 4228 3091 4311 aliquod

393 4316 619 4393 locum,
662 4317 811 4404 ‘quia
858 4317 1267 4400 periculosum
1314 4323 1475 4382 esset
1519 4319 1607 4383 ita
1644 4319 1765 4384 cito
1807 4324 1871 4382 et
1916 4320 2044 4383 sine
2101 4318 2307 4400 aliquo
2368 4320 2644 4400 respectu
2705 4318 2781 4382 ad
2830 4317 3090 4381 submit-

394 4405 650 4469 tendum
698 4423 805 4469 nos
851 4405 1075 4470 iudicio
1121 4407 1483 4486 aliquorum,
1532 4407 1679 4472 tunc
1725 4406 1874 4471 dicti
1941 4407 2364 4470 ambaxatores
2408 4406 2738 4489 prudenter
2783 4410 2846 4469 et
2890 4407 3087 4483 caute,
3165 4433 3174 4438 ·

396 4492 561 4555 sicut
605 4493 693 4556 eis
743 4492 1068 4570 videbitur,
1119 4493 1390 4571 audiant,
1437 4494 1728 4576 quicquid
1755 4496 1901 4576 ipsis
1940 4496 2269 4577 peteretur,
2319 4496 2380 4557 et
2424 4493 2692 4558 sentiant
2735 4495 2799 4558 et
2842 4490 3093 4557 trahant

404 4579 695 4663 quicquid
748 4583 1037 4663 poterunt
1079 4584 1210 4645 tam
1256 4581 1331 4646 de
1375 4581 1545 4646 finali
1608 4583 1945 4647 intentione
2006 4581 2154 4645 dicti
2214 4580 2445 4645 domini
2505 4580 2668 4664 regis
2721 4582 2785 4645 et
2842 4596 3091 4643 suorum

400 4686 587 4750 supra
632 4668 969 4752 premissiS,
1019 4687 1203 4752 quam
1248 4669 1323 4734 de
1371 4669 1657 4734 omnibus
1706 4669 1864 4746 aliis,
1913 4687 2026 4752 que
2068 4668 2415 4733 viderentur
2477 4672 2749 4750 spectare
2794 4666 2859 4730 et
2902 4664 3092 4746 perti-

396 4774 541 4822 nere
584 4755 796 4822 honori
837 4759 1047 4822 nostro
1093 4757 1158 4821 et
1200 4757 1354 4824 bono
1400 4758 1805 4841 negotiorum,
1854 4758 1917 4822 et
1961 4755 2244 4840 quicquid
2291 4756 2593 4821 senserint
2637 4756 2701 4820 et
2742 4750 3089 4827 habuerint,
