3620 5282
479 366 610 434 392

487 545 820 612 medietate
869 543 1071 607 solvat
1116 542 1179 606 in
1228 559 1439 604 mense
1503 536 1712 601 martii
1761 536 1956 600 libras
2003 534 2410 599 Veneciarum
2461 532 2692 599 LXXV
2737 532 3097 608 annuatim,
3147 535 3212 598 et

487 650 812 700 commune
863 630 1016 694 Arbi
1063 648 1171 711 pro
1219 647 1334 691 sua
1381 627 1714 690 medietate
1763 623 1968 688 solvat
2015 622 2303 686 similiter
2350 621 2667 685 annuatim
2721 621 3039 687 communi
3082 621 3203 685 Ve-

488 721 800 786 neciarum
854 724 1042 799 usque
1086 718 1161 781 ad
1209 717 1414 798 ipsum
1470 712 1803 779 terminum
1871 710 2022 775 alias
2088 710 2279 773 libras
2344 708 2752 773 Veneciarum
2814 710 3230 792 septuaginta.

492 808 774 892 quinque.
826 804 1064 884 Quibus
1113 807 1247 868 octo
1297 803 1475 866 annis
1524 799 1849 881 completis
1897 796 2058 861 dicte
2110 797 2308 860 insule
2357 795 2605 859 veniant
2643 796 3056 865 incommune
3087 796 3209 861 Ve-

492 896 810 960 neciarum
858 894 993 957 sine
1040 892 1204 955 omni
1256 890 1624 955 conditione.
1700 888 1781 950 Et
1828 886 1904 950 de
1950 884 2213 949 Nevalia
2266 884 2353 947 sic
2400 883 2645 958 dicunt,
2710 883 2870 966 quod
2919 884 3212 967 quicquid

492 982 637 1046 inde
692 982 838 1044 olim
888 981 1089 1044 tenuit
1136 977 1545 1043 communitas
1592 975 1768 1049 Arbi,
1818 976 1880 1037 et
1925 974 2037 1037 filii
2087 972 2336 1036 comitis
2362 971 2631 1053 Rogerii,
2681 973 2889 1036 veniat
2935 970 2996 1035 iu
3045 973 3213 1054 pote-

496 1071 669 1134 state
715 1068 1115 1150 suprascripti
1164 1065 1411 1130 comitis
1460 1063 1613 1127 Arbi
1662 1062 1907 1126 nomine
1950 1059 2294 1124 communis
2344 1059 2781 1137 veneciarum,
2829 1060 2893 1144 et
2939 1060 3067 1142 ipse
3114 1078 3214 1124 co·

491 1174 633 1220 mes
675 1155 828 1218 illud
876 1154 1277 1228 intromittat,
1326 1154 1389 1216 et
1433 1153 1565 1215 eius
1609 1149 1888 1213 redditus
1951 1152 2013 1212 et
2070 1147 2277 1210 omnia
2339 1149 2587 1224 teneat,
2652 1166 2969 1229 quousque
3029 1147 3217 1212 fucrit

495 1243 805 1315 decisum,
855 1241 999 1323 quid
1049 1241 1198 1304 iuris
1245 1258 1569 1304 commune
1596 1237 2003 1301 Veneciarum
2051 1240 2113 1297 et
2160 1234 2270 1297 filii
2317 1235 2463 1298 dicti
2515 1235 2761 1317 Rogerii
2814 1237 2997 1317 atque
3040 1254 3208 1299 com·-

495 1330 782 1395 munitas
829 1328 983 1392 Arbi
1031 1329 1093 1392 in
1141 1329 1370 1392 eisdem
1417 1326 1688 1390 habeant
1742 1323 1840 1386 vel
1900 1320 2252 1385 habuerint.
2324 1322 2415 1386 De
2481 1323 2666 1386 Petro
2719 1322 2926 1386 Bozoli
2976 1323 3207 1399 dicunt,

501 1416 671 1499 quod
719 1415 878 1480 infra
921 1415 1051 1479 dies
1097 1414 1297 1490 XXX,
1349 1415 1568 1497 quibus
1615 1414 1678 1476 in
1727 1410 1928 1475 insula
1975 1410 2129 1473 Arbi
2194 1409 2557 1485 adiunxerit,
2605 1412 2677 1474 de
2726 1411 2860 1490 ipsa
2906 1410 3067 1474 exire
3115 1411 3218 1474 de-

500 1506 670 1581 beat,
721 1502 942 1568 abinde
988 1506 1052 1567 in
1099 1505 1279 1566 antea
1325 1503 1388 1566 in
1451 1502 1704 1565 eandem
1751 1517 1867 1561 non
1916 1515 2290 1572 reversuruS,
2351 1515 2461 1560 nec
2506 1499 2582 1561 ad
2637 1516 2709 1561 ea
2757 1497 2834 1561 ad
2882 1498 3087 1562 minus
3130 1497 3219 1561 vi-

502 1591 668 1673 ginti
718 1591 983 1672 quinque
1025 1589 1339 1654 milliariis
1387 1588 1926 1671 adproximaturus
1975 1603 2164 1666 usque
2203 1582 2280 1646 ad
2329 1600 2517 1648 annos
2565 1585 2651 1649 IV
2698 1585 2814 1648 nisi
2873 1604 2982 1667 per
3031 1585 3219 1649 licen-

450 1752 451 1755 ,
500 1678 661 1742 tiam
717 1677 948 1742 domini
995 1678 1167 1741 ducis
1216 1680 1278 1741 et
1326 1677 1575 1740 maioris
1627 1675 1820 1755 partis
1865 1672 1959 1735 sui
2007 1671 2267 1747 consilii,
2318 1671 2414 1734 vel
2480 1691 2587 1754 per
2629 1672 2947 1736 licentiam
3006 1691 3218 1754 supra-

498 1765 722 1846 scripti
771 1765 1012 1829 comitis
1038 1764 1212 1828 Arbi.
1264 1764 1494 1828 Dicunt
1538 1763 1748 1836 etiam,
1798 1758 1958 1841 quod
2008 1778 2219 1823 omnes
2263 1759 2355 1822 illi
2416 1760 2549 1836 viri,
2601 1760 2703 1843 qui
2754 1763 3048 1842 tempore,
3103 1778 3219 1842 quo

501 1852 784 1917 dominus
831 1852 1052 1915 Petrus
1092 1852 1261 1916 Ziani
1300 1852 1705 1914 Veneciarum
1757 1849 1876 1911 dux
1927 1848 2180 1929 regebat
2228 1846 2590 1911 comitatum
2643 1848 2791 1912 Arbi
2841 1866 3046 1913 comes
3095 1848 3221 1912 exi-

502 1941 695 2014 stens,
740 1939 917 2002 erant
961 1938 1079 2002 sibi
1125 1940 1466 2012 reddenteS‚
1537 1939 1624 2001 sic
1681 1936 1969 1999 ducetero
2028 1936 2191 1998 dicto
2254 1935 2467 1998 comiti
2538 1935 2749 2000 Marco
2809 1936 3221 2018 Mastropetro

506 2028 757 2090 reddere
803 2028 1147 2089 teneantur.
1203 2025 1493 2089 videlicet
1540 2025 1591 2089 si
1640 2025 1716 2088 de
1769 2022 1879 2086 illo
1927 2023 2166 2085 redditu
2218 2021 2561 2085 inordinate
2611 2025 2952 2099 exiverunt,
3001 2023 3097 2088 vel
3145 2024 3221 2087 ab

501 2130 573 2177 eo
614 2111 864 2176 redditu
914 2132 981 2176 se
1024 2113 1239 2176 contra
1286 2112 1593 2176 iustitiam
1642 2112 2096 2175 subtraxerunt.
2171 2109 2327 2173 Item
2377 2109 2452 2175 de
2497 2110 2652 2187 hiis,
2701 2130 2815 2192 que
2863 2111 2993 2175 dari
3041 2111 3223 2175 debe-

503 2199 658 2263 bant
704 2200 869 2262 dicto
915 2199 1126 2263 comiti
1175 2200 1387 2262 Marco
1434 2200 1495 2263 in
1544 2198 1747 2262 insula
1796 2196 1950 2260 Arbi
1996 2215 2104 2278 pro
2145 2196 2413 2273 redditu,
2464 2202 2529 2261 et
2576 2217 2648 2261 ea
2679 2199 2877 2280 petita
2923 2198 3044 2262 sibi
3080 2200 3221 2262 dare

502 2286 860 2363 noluerunt,
907 2285 1192 2362 dicimus,
1240 2285 1398 2367 quod
1448 2287 1507 2348 in
1557 2285 1814 2368 duplum
1867 2284 1986 2348 sibi
2033 2285 2112 2347 ab
2160 2283 2287 2348 illis
2343 2284 2743 2362 restituatur,
2804 2304 2920 2368 que
2985 2305 3057 2350 ea
3105 2286 3223 2351 sibi

504 2374 651 2438 dare
698 2372 1044 2438 noluerunt.
1094 2374 1187 2437 De
1234 2372 1453 2437 bannis
1502 2392 1641 2437 vero
1689 2372 1978 2436 iudicatis
2027 2371 2226 2434 eidem
2280 2371 2494 2435 comiti
2528 2372 2740 2436 Marco
2787 2374 3220 2455 Mastropetro,

503 2479 618 2542 que
653 2460 880 2525 habere
927 2480 1045 2525 non
1090 2461 1309 2542 potuit,
1359 2463 1423 2524 et
1467 2459 1541 2523 de
1588 2461 1676 2523 eis
1720 2459 1960 2531 bannis,
2007 2458 2083 2521 de
2115 2459 2335 2541 quibus
2360 2459 2609 2524 iusticia
2654 2459 2879 2524 habere
2927 2462 3222 2543 nequivit,

508 2547 720 2612 dicunt
768 2548 830 2611 et
876 2547 1107 2625 volunt,
1159 2548 1359 2611 eidem
1407 2547 1622 2611 comiti
1669 2547 1730 2610 in
1777 2546 2103 2627 dumplum
2151 2547 2398 2610 restitui
2433 2548 2650 2611 debere
2698 2547 2774 2611 ab
2821 2547 2970 2621 illis,
3019 2549 3224 2630 quiex

511 2634 662 2717 ipsis
709 2634 928 2699 bannis
975 2635 1346 2700 cecideruut.
1399 2636 1556 2700 Item
1606 2633 1682 2698 de
1733 2632 1999 2717 Symone
2047 2634 2119 2697 de
2171 2633 2502 2712 Bertaldo,
2568 2637 2864 2717 quantum
2928 2635 3074 2700 dare
3122 2637 3226 2699 de-

507 2722 699 2787 bebat
739 2722 970 2801 comiti,
1021 2723 1080 2786 in
1125 2723 1379 2805 duplum
1429 2724 1572 2787 dare
1607 2724 1909 2786 teneatur.
1959 2721 2116 2785 Item
2167 2720 2241 2784 de
2268 2722 2486 2785 Scrata
2511 2723 2711 2787 danda
2757 2724 2989 2799 comiti,
3025 2723 3222 2788 eidem

516 2808 651 2874 dari
701 2809 928 2874 debeat
971 2811 1303 2874 secundum
1348 2812 1572 2874 bonam
1625 2813 1688 2873 et
1734 2809 2050 2890 antiquam
2118 2809 2644 2874 consuetudinem.
2719 2812 2876 2875 Item
2925 2811 2977 2874 si
3030 2811 3222 2876 ullam

516 2897 984 2961 conventionem
1026 2896 1306 2962 fecerunt
1351 2899 1448 2961 vel
1493 2897 1753 2962 fecerint
1797 2898 1928 2959 sine
1957 2895 2182 2960 comite
2230 2895 2327 2960 vel
2376 2915 2484 2961 suo
2527 2898 2735 2973 misso,
2785 2898 2973 2963 nichil
3025 2900 3226 2963 valere

508 2983 754 3048 debeat.
787 2983 1046 3049 —Juro
1088 2985 1162 3048 ad
1211 2984 1531 3067 evangelia
1575 2987 1787 3048 sancta
1835 2984 1953 3056 dei,
2002 2982 2160 3064 quod
2210 2984 2261 3046 si
2310 3003 2445 3046 sum
2496 2985 2558 3048 in
2607 2986 2817 3067 aliqua
2862 2986 3224 3051 comulitate

512 3071 624 3133 aut
673 3071 1121 3153 conspiratione
1167 3071 1331 3136 facta
1376 3076 1507 3136 tam
1556 3070 2028 3135 contradictum
2063 3071 2359 3135 comitem
2386 3071 2751 3147 Arbensem,
2795 3091 2977 3156 quam
3013 3076 3224 3138 contra

518 3174 733 3221 omnes
777 3157 1058 3221 homines
1106 3159 1276 3233 alios,
1326 3162 1454 3222 tam
1522 3178 1631 3241 per
1691 3157 2012 3221 fidantiam
2077 3157 2172 3220 vel
2237 3162 2693 3222 sacramentum
2756 3162 2866 3223 aut
2935 3180 3044 3242 per
3091 3180 3229 3244 pro-

516 3242 897 3318 missionem,
946 3265 1126 3327 quam
1193 3265 1298 3325 per
1359 3246 1603 3328 aliquod
1664 3245 1832 3309 aliud
1888 3244 2422 3321 ordinameutum,
2488 3266 2622 3311 earn
2672 3265 2788 3311 non
2854 3248 3072 3313 tenebo
3120 3268 3229 3313 nec

519 3329 882 3407 observabo,
933 3351 1043 3396 nec
1089 3332 1163 3396 de
1212 3338 1416 3397 cetero
1463 3333 1538 3396 ad
1587 3332 1818 3396 similia
1881 3351 1978 3395 me
2025 3332 2349 3414 obligabo,
2420 3353 2528 3397 nec
2593 3333 2652 3397 in
2703 3334 3053 3400 huiusmodi
3104 3355 3224 3412 erc,

520 3417 641 3481 nisi
687 3417 761 3480 de
809 3419 1129 3484 voluntate
1175 3419 1422 3484 comitis
1466 3437 1574 3500 pro
1625 3422 2027 3483 manutenere
2075 3418 2367 3483 honorem
2434 3420 2706 3484 civitatis
2752 3420 3073 3488 ArbensiS.
3149 3425 3232 3488 Et

519 3503 674 3570 dabo
721 3524 991 3587 operam,
1041 3509 1196 3588 quod
1247 3525 1457 3570 omnes
1505 3506 1783 3569 homines
1844 3506 2045 3570 insule
2093 3507 2284 3581 Arbi,
2350 3507 2647 3572 habentes
2712 3509 2792 3572 ab
2854 3511 3031 3574 anuis
3079 3530 3230 3593 qua-

515 3593 854 3657 tuordecim
903 3612 1086 3675 supra
1131 3612 1322 3675 usque
1367 3595 1441 3657 ad
1488 3594 1658 3658 LXX
1706 3595 1769 3658 et
1814 3595 1889 3659 ab
1938 3595 2116 3657 annis
2165 3595 2336 3659 LXX
2382 3595 2446 3658 et
2490 3594 2667 3670 infra,
2711 3596 2877 3660 istud
2929 3597 3089 3661 idem
3139 3599 3231 3662 fa-

515 3679 687 3742 ciant
730 3681 1171 3757 iuramentum,
1219 3683 1584 3745 renovantes
1647 3680 1802 3745 illud
1866 3682 1930 3744 et
1992 3682 2264 3745 renovari
2329 3681 2483 3744 illud
2553 3681 2848 3747 facientes
2908 3686 3075 3749 omni
3123 3686 3229 3749 de-

514 3765 684 3830 cimo
731 3785 892 3831 anno
941 3787 1134 3849 usque
1178 3767 1240 3831 in
1272 3771 1672 3851 perpetuum3
1727 3769 2022 3833 auxilium
2073 3769 2137 3832 et
2179 3768 2433 3833 fortium
2459 3768 2617 3832 dabo
2664 3771 2874 3835 comiti
2923 3771 3119 3837 eidem
3171 3776 3234 3836 et

513 3852 645 3918 eius
690 3855 878 3918 misso
925 3854 999 3917 ad
1049 3855 1357 3920 racionem
1409 3858 1474 3920 et
1519 3855 1824 3919 iustitiam
1868 3856 2371 3933 conservandam,
2424 3859 2488 3921 et
2532 3857 2793 3921 formam
2844 3860 3021 3932 dabo,
3075 3863 3232 3942 quod

524 3939 805 4005 homines
854 3941 1166 4006 Arbenses
1213 3943 1419 4007 simile
1466 3943 1695 4007 faciant
1739 3943 2175 4007 iuramentum.
2240 3945 2369 4008 Hec
2428 3945 2632 4009 omnia
2694 3947 3009 4011 attendam
3076 3950 3231 4012 bona

526 4026 646 4091 fide
701 4028 831 4093 sine
879 4028 1113 4103 fraude,
1157 4031 1276 4096 nisi
1325 4031 1693 4096 remanserit
1735 4049 1845 4112 per
1898 4032 2212 4096 dominum
2263 4031 2478 4097 ducem
2530 4037 2592 4095 et
2642 4034 2938 4097 maiorem
2986 4038 3225 4117 partem

525 4113 623 4177 sui
669 4116 932 4181 consilii.
981 4116 1160 4183 Anno
1203 4118 1436 4183 domini
1484 4117 1840 4184 MCCXXII
1874 4137 2081 4182 mense
2128 4120 2397 4202 augusti,
2444 4120 2777 4185 indictione
2823 4123 2901 4186 X.

608 4202 1176 4268 Commemorialium
1221 4211 1311 4268 11.
1364 4211 1508 4283 145,
1556 4227 1599 4267 u
1642 4209 1982 4269 mletadkom
2027 4212 2264 4270 arkivu.

3202 4324 3240 4350 χ

904 4363 1049 4445 VI.
1113 4363 1320 4446 God.
1375 4362 1595 4445 1223.
1650 4363 1757 4447 20
1813 4365 2307 4464 studenoga,
2360 4388 2420 4447 u
2474 4366 2902 4450 Mletcih„

532 4463 834 4540 Unapeeni
879 4472 1045 4529 novci
1088 4473 1112 4529 i
1156 4471 1341 4545 druyo
1385 4472 1607 4545 imanjet
1652 4473 1927 4531 nalazece
1965 4491 2026 4532 se
2069 4475 2185 4532 kod
2225 4475 2427 4546 njekilz
2473 4476 2784 4535 Mletdana
2825 4496 2862 4536 a
2908 4479 3234 4552 spadajuc'e

1396 4576 1481 4617 na
1524 4564 1718 4618 sestru
1764 4562 2087 4634 uyar.-hrv.
2133 4563 2353 4634 krnlja.

728 4654 908 4720 Anno
956 4656 1254 4721 dominice
1304 4659 1737 4726 iucarnationis
1800 4662 2136 4727 millesimo
2183 4665 2601 4730 ducentesimo
2663 4666 2963 4750 vigesimo
3012 4669 3224 4742 tercio,

520 4738 619 4803 die
664 4739 757 4805 XI
801 4745 1058 4807 exeunte
1106 4763 1314 4809 mense
1364 4748 1729 4815 novembris.
1796 4749 2127 4814 indictione
2186 4750 2564 4816 duodecima.
2631 4756 3057 4821 Introductum
3106 4756 3228 4821 fuit
