3620 5282
3019 359 3143 426 155

420 537 685 613 niantur,
734 539 786 601 si
836 538 1069 603 solvere
1116 558 1232 604 ηοη
1280 542 1546 621 possent,
1598 542 1669 605 ut
1714 540 1997 623 superius
2047 541 2283 605 dictum
2349 543 2462 606 est.
2527 539 2608 602 Et
2652 538 2704 602 si
2753 536 2956 604 dictus
3006 557 3140 603 ma-

418 623 676 689 lefactor
723 626 923 691 dictos
972 645 1113 690 suos
1160 628 1356 692 socios
1405 628 1465 691 in
1516 627 1797 692 manibus
1835 628 2265 693 dominationis
2291 647 2411 692 non
2454 629 2649 704 daret,
2701 627 2797 690 vel
2847 645 2963 690 non
3000 645 3141 709 pro-

423 713 616 780 baret.
668 713 832 795 ipsos
880 733 1010 778 esse
1058 714 1436 797 culpabiles,
1502 715 1627 779 illis
1692 716 1981 780 continue
2043 717 2523 798 denegantibus,
2589 718 2734 778 tunc
2784 714 3142 797 principalis

422 800 734 880 predictus
783 806 1065 865 teneatur
1112 803 1173 865 in
1225 804 1425 866 totum
1477 803 1731 878 solvere,
1782 806 1892 868 aut
1918 805 2324 886 personaliter
2349 803 2809 880 condemnetur,
2860 803 3142 883 utsupra

419 889 651 952 dictum
702 889 819 953 est.
869 891 1048 965 Item,
1099 890 1258 972 quod
1305 891 1358 953 si
1404 890 1631 973 aliquis
1678 892 1935 956 istorum
2002 892 2078 956 ab
2143 892 2283 955 hinc
2344 892 2405 955 in
2469 893 2652 955 antea
2717 908 2825 971 pro
2872 889 3035 953 furto
3079 890 3142 953 in

416 975 619 1057 aliqua
668 977 1084 1057 predictarum
1135 977 1475 1041 insularum
1524 978 1710 1043 suerit
1757 979 2278 1061 condempnatuS,
2329 982 2392 1043 et
2438 980 2660 1044 iterato
2707 978 3143 1040 ‘committeret

417 1062 648 1126 furtum
696 1064 759 1126 in
810 1064 1017 1147 aliqua
1065 1065 1360 1147 ipsarum,
1410 1068 1557 1129 tunc
1621 1066 1846 1131 iterato
1900 1066 2339 1131 condemnetur
2402 1085 2471 1132 eo
2519 1065 2698 1129 modo
2768 1065 3018 1128 realiter
3079 1067 3142 1128 et

416 1151 835 1232 personaliter,
886 1156 953 1214 ut
1001 1172 1186 1235 supra
1233 1153 1468 1217 dictum
1515 1158 1648 1231 est,
1712 1157 1777 1218 et
1840 1154 2237 1219 nihilominus
2286 1156 2361 1218 de
2422 1154 2706 1219 omnibus
2768 1152 3142 1234 supradictis

415 1238 633 1302 insulis
682 1242 976 1322 perpetuo
1021 1242 1104 1304 sit
1151 1241 1400 1305 banitus
1449 1244 1575 1306 tam
1626 1242 1917 1307 solvendo
1976 1242 2614 1324 condempnationem,
2662 1258 2845 1323 quam
2897 1241 2949 1303 si
2996 1259 3138 1304 con-

417 1325 783 1408 dempnetur
830 1329 890 1390 in
941 1328 1239 1392 membro.
1282 1329 1359 1392 Et
1405 1329 1456 1392 si
1507 1330 1742 1393 venerit
1787 1331 1850 1393 in
1894 1330 2168 1412 aliquam
2216 1331 2521 1394 dictarum
2575 1327 2939 1404 insularum,
2991 1331 3138 1392 tunc

422 1418 691 1478 rectores
738 1414 902 1479 dicte
950 1413 1147 1479 insule
1193 1435 1331 1480 cum
1380 1417 1507 1480 suis
1555 1417 1858 1482 iudicibus
1909 1420 2232 1482 teneantur
2298 1420 2499 1499 ipsum
2566 1429 2629 1481 et
2692 1416 2858 1498 ipsos
2913 1414 3143 1498 capifa-

422 1520 575 1578 cere,
626 1502 906 1567 faciendo
954 1503 1008 1567 ei
1054 1505 1155 1567 vel
1214 1505 1304 1567 eis
1352 1505 1567 1585 pedem
1630 1505 1977 1587 amputari.
2028 1508 2091 1569 et
2153 1506 2345 1570 etiam
2395 1503 2795 1569 nihilominus
2843 1505 3141 1585 perpetuo

417 1588 504 1653 sit
550 1590 842 1654 bannitus
889 1590 964 1654 de
1011 1591 1163 1673 ipsis
1212 1592 1463 1668 insuliS,
1534 1594 1603 1656 ut
1647 1594 1853 1692 prius;
1918 1596 1982 1657 et
2028 1594 2080 1657 si
2128 1593 2352 1693 aliquis
2416 1594 2684 1657 tenuerit
2747 1590 3016 1673 aliquem
3069 1593 3144 1655 de

416 1676 600 1741 dictis
649 1677 1150 1743 malefactoribus
1200 1680 1289 1743 sic
1330 1680 1600 1743 bannitis
1647 1680 1710 1744 in
1763 1680 2047 1745 domibus
2091 1681 2190 1745 vel
2235 1681 2297 1744 in
2345 1681 2555 1744 statiis
2601 1677 2748 1756 suiS,
2798 1681 2949 1743 tunc
2990 1678 3142 1742 talis

419 1754 901 1847 condempnetur
949 1767 1007 1830 in
1055 1786 1395 1850 ypperpera
1443 1767 1787 1846 duodecim,
1838 1772 1901 1832 et
1945 1787 2063 1832 uno
2112 1787 2320 1833 mense
2382 1770 2443 1832 in
2509 1767 2855 1831 carceribus
2903 1766 3140 1831 detine-

415 1855 577 1929 atur,
628 1873 749 1935 que
792 1873 1132 1936 ypperpera
1180 1855 1507 1919 deveniant
1571 1857 1633 1920 in
1689 1857 2038 1931 communi,
2115 1857 2218 1920 ubi
2267 1857 2469 1920 dictus
2534 1853 2896 1918 malefactor
2957 1854 3145 1918 fuerit

420 1940 721 2019 invenluS,
771 1943 834 2004 et
878 1942 1139 2023 quilibet
1188 1944 1384 2024 possit
1430 1961 1740 2018 accusare,
1791 1945 1855 2007 et
1900 1944 2156 2008 habebit
2180 1944 2579 2008 medietatem
2609 1942 2767 2006 dicte
2815 1942 3145 2023 condemp-

421 2028 707 2101 nationis,
758 2029 1069 2110 probando
1109 2030 1198 2094 sic
1246 2050 1458 2095 verum
1505 2050 1659 2094 esse.
1710 2029 1870 2094 Item
1923 2033 1973 2095 si
2022 2032 2242 2113 aliquis
2279 2031 2648 2114 prestaverit
2695 2029 2971 2111 aliquam
3001 2030 3143 2094 bar-

416 2134 550 2179 cam
600 2115 742 2180 istis
787 2116 1308 2195 malefactoribus
1359 2119 1504 2182 tunc
1553 2121 1852 2200 patronus
1921 2119 2144 2183 barche
2198 2119 2472 2201 predicte
2535 2120 2820 2182 teneatur
2868 2135 2976 2199 pro
3023 2135 3140 2181 uno

414 2222 482 2265 ex
530 2202 1032 2269 malefactoribus
1075 2206 1426 2280 antedictiS,
1476 2207 1539 2270 et
1582 2208 1831 2269 tantum
1876 2207 2079 2271 solvat
2119 2207 2514 2271 damnificato
2562 2208 2625 2270 et
2671 2224 2778 2269 suo
2810 2205 3143 2280 communi,

410 2296 709 2371 quantum
759 2311 915 2355 unus
963 2312 1034 2356 ex
1080 2293 1202 2356 hiis
1228 2293 1745 2358 malefactoribus
1782 2296 1939 2358 Item
1967 2294 2125 2377 quod
2173 2295 2396 2377 aliquis
2439 2293 2744 2359 excoriare
2794 2311 2912 2356 non
2948 2294 3144 2374 possit

410 2378 654 2460 aliquod
702 2380 971 2443 animale
1005 2399 1285 2463 grossum
1316 2381 1412 2445 vel
1445 2400 1703 2462 parvum
1738 2383 1969 2465 absque
2015 2382 2233 2465 capite,
2285 2383 2575 2446 auriculis
2620 2382 2683 2445 et
2727 2380 2923 2464 signis
2957 2380 3019 2444 in
3051 2380 3145 2443 di-

409 2465 526 2529 ctis
552 2466 929 2531 animalibus
962 2468 1159 2546 factiS‚
1208 2473 1272 2532 et
1313 2471 1468 2551 quod
1495 2468 1719 2551 aliquis
1766 2489 1968 2534 emere
1996 2489 2112 2534 non
2139 2471 2338 2552 possit
2383 2470 2622 2553 aliquas
2649 2469 2840 2550 pelles
2867 2471 3145 2532 carentes

411 2554 633 2634 capite,
682 2555 977 2618 auriculis
1022 2558 1084 2619 et
1127 2556 1320 2638 signis
1367 2556 1531 2625 suis:
1587 2558 1651 2620 et
1710 2557 1761 2620 si
1812 2557 1949 2639 quis
1997 2557 2432 2622 contrafecerit
2479 2557 2790 2640 predictiS,
2855 2555 3037 2619 cadat
3085 2555 3146 2619 in

415 2662 634 2724 penam
666 2662 1146 2726 ypperperorum
1196 2644 1535 2722 duodecim,
1589 2665 1704 2730 que
1752 2645 2080 2710 deveniant
2123 2647 2181 2711 in
2230 2665 2574 2723 commune,
2621 2650 2752 2710 tam
2800 2644 2903 2726 qui
2971 2663 3147 2708 exco-

414 2730 683 2808 riaverit,
735 2751 917 2813 quam
968 2733 1075 2813 qui
1118 2734 1355 2809 emerit,
1406 2737 1468 2796 et
1515 2733 1778 2815 quilibet
1813 2734 2007 2815 possit
2049 2752 2337 2798 accusare
2383 2740 2445 2797 et
2491 2733 2853 2797 denuntiare
2902 2752 3008 2795 sue
3040 2732 3146 2795 do-

413 2817 752 2895 minationi,
806 2821 869 2883 et
917 2819 1140 2883 habere
1188 2820 1408 2884 debeat
1433 2822 1828 2884 medietatem
1876 2823 2037 2886 dicte
2070 2821 2654 2900 condempnationis,
2690 2819 3020 2901 probando,
3058 2820 3145 2884 sic

412 2925 624 2969 verum
676 2925 827 2982 esse,
877 2909 941 2970 et
988 2908 1131 2971 talis
1178 2927 1467 2973 accusans
1502 2910 1785 2973 teneatur
1832 2909 1907 2971 de
1940 2909 2268 2973 credentia.
2315 2911 2471 2973 Item
2516 2910 2591 2973 ad
2638 2908 3027 2985 obviandum,
3077 2910 3148 2971 ut

414 2995 501 3056 tot
550 2993 713 3057 mala
762 3013 881 3058 non
929 2995 1099 3070 fiant,
1151 2996 1485 3068 ordinetur,
1531 2997 1690 3077 quod
1727 2998 2039 3079 eligantur
2071 2997 2330 3079 triginta
2363 2995 2826 3060 sacramentarii
2862 3013 2969 3077 pro
2996 3014 3146 3077 qua·

413 3081 565 3144 libet
596 3082 900 3146 dictarum
927 3082 1290 3147 insularum.
1341 3084 1421 3146 Et
1456 3084 1507 3147 si
1544 3084 1767 3166 aliquis
1805 3085 2108 3148 dictorum
2143 3084 2766 3149 sacramentariorum
2802 3083 3001 3147 obiret
3050 3084 3145 3146 vel

418 3168 624 3249 aliquo
672 3169 852 3233 modo
901 3170 1214 3233 defficeret
1259 3171 1321 3234 in
1370 3171 1537 3235 dicto
1587 3191 1856 3249 numer0,
1906 3175 2052 3236 tunc
2076 3191 2277 3237 comes
2327 3172 2492 3236 illius
2543 3172 2738 3235 insule
2787 3171 2915 3254 sive
2960 3173 3142 3248 terre,

418 3256 478 3318 in
528 3275 648 3336 qua
696 3258 843 3321 talis
892 3259 1413 3322 sacramentarius
1460 3259 1812 3336 defficeret,
1877 3261 2161 3324 teneatur
2225 3260 2542 3325 notificare
2602 3260 2741 3324 aliis
2789 3259 3142 3336 comitibuS,

415 3347 483 3407 ut
529 3343 787 3426 elligere
825 3344 1092 3409 debeant
1138 3345 1329 3409 alium
1379 3347 1508 3411 loco
1535 3348 1685 3421 eius,
1737 3349 1806 3411 ut
1852 3347 2143 3412 continuo
2187 3367 2477 3412 numerus
2522 3347 3142 3412 sacramentariorum

420 3450 661 3513 semper
709 3432 792 3496 sit
838 3434 1098 3516 integer.
1150 3432 1270 3511 Qui
1321 3435 1788 3498 sacramentarii
1838 3435 2038 3498 iurare
2087 3435 2353 3500 debeant
2412 3436 2665 3512 statim,
2721 3453 2862 3498 cum
2913 3434 3142 3499 fuerint

415 3519 638 3597 ellecti,
690 3520 751 3583 et
798 3520 989 3583 etiam
1029 3522 1350 3585 annuatim
1400 3523 1567 3586 circa
1613 3521 1838 3586 festum
1891 3523 2237 3587 nativitatis
2282 3523 2553 3600 domini,
2602 3522 2763 3604 quod
2810 3523 2864 3586 si
2910 3522 3139 3587 scirent

418 3607 513 3670 vel
561 3608 866 3684 audirent,
916 3607 1077 3689 quod
1125 3610 1353 3692 aliquis
1420 3608 1514 3673 vel
1574 3607 1761 3691 aliqui
1822 3610 1910 3674 sic
1981 3613 2268 3692 parerent
2326 3611 2401 3675 ad
2448 3610 2712 3675 eundem
2760 3611 2836 3672 ad
2885 3609 3134 3692 aliquod

418 3695 649 3757 furtum
702 3695 797 3759 vel
845 3695 922 3759 ad
971 3695 1215 3778 aliquod
1268 3696 1500 3761 malum
1546 3697 2077 3770 committendum,
2152 3702 2296 3762 tunc
2343 3700 2560 3762 statim
2609 3699 2936 3761 teneantur
2984 3698 3139 3761 tales

414 3781 691 3845 homines
742 3800 851 3846 suo
900 3784 1110 3847 comiti
1161 3785 1260 3848 vel
1308 3785 1367 3849 in
1409 3786 1538 3849 eius
1586 3784 2014 3849 absentia‘sue
2058 3786 2222 3850 curie
2272 3786 2604 3862 notificare,
2659 3789 2727 3849 ut
2791 3803 2972 3867 super
3017 3784 3131 3847 hoc

412 3870 716 3950 provideri
766 3870 964 3934 facere
1013 3871 1245 3952 possit;
1288 3873 1352 3936 et
1397 3873 1449 3936 si
1499 3871 1730 3936 malum
1781 3875 2104 3951 nescirent,
2159 3875 2485 3956 antequam
2527 3872 2926 3937 commissum
2954 3875 3134 3949 esset,

411 3960 474 4021 et
522 3958 916 4039 postmodum
967 3959 1043 4021 ad
1093 3959 1377 4023 notitiam
1427 3978 1637 4023 eorum
1686 3962 1952 4037 veniret,
2019 3963 2080 4024 et
2139 3962 2402 4039 scirent,
2452 3961 2610 4043 quod
2660 3959 2894 4022 malum
2942 3960 3141 4041 predi-

412 4046 576 4107 ctum
626 4045 724 4108 vel
768 4046 890 4108 alia
937 4049 1145 4110 essent
1188 4048 1534 4124 commissa,
1584 4046 1676 4111 vel
1735 4048 1812 4112 ab
1874 4048 2015 4112 aliis
2078 4049 2395 4123 audirent,
2463 4051 2606 4112 tunc
2652 4047 2904 4123 statim,
2953 4066 3137 4129 quam

410 4132 590 4194 citius
640 4135 967 4214 poterunt,
1034 4134 1350 4198 notificare
1397 4134 1663 4198 debeant
1708 4136 1922 4199 comiti
1971 4137 2066 4200 vel
2114 4137 2175 4200 in
2225 4136 2357 4200 eius
2404 4134 2746 4201 absentiam
2797 4153 2903 4199 sue
2951 4136 3138 4199 curie.

414 4219 494 4283 Et
544 4221 591 4282 si
645 4219 795 4283 dicti
841 4222 1306 4285 sacramentarii
1354 4223 1701 4304 probarent,
1753 4225 1949 4307 dictos
1997 4224 2154 4288 tales
2218 4243 2352 4288 esse
2412 4222 2985 4305 culpabileS,t11nc
3027 4224 3140 4287 ha-

412 4306 552 4369 here
598 4308 861 4371 debeant
912 4308 1309 4372 medietatem
1344 4311 1910 4412 condempnationis
1946 4311 2376 4375 devenientis
2361 4332 2423 4375 m
2455 4311 2790 4386 communi,
2839 4311 2963 4374 alia
2996 4330 3137 4375 vero

411 4393 710 4458 medietas
757 4396 842 4459 sit
889 4398 1255 4472 communie,
1305 4400 1369 4461 et
1416 4400 1742 4461 teneantur
1780 4399 1841 4462 in
1870 4399 2202 4463 credentia.
2249 4400 2328 4462 Et
2375 4399 2428 4462 si
2474 4398 2626 4461 dicti
2668 4360 3134 4463 sacramentarii

416 4499 531 4544 non
580 4482 972 4547 notificarent
1018 4484 1078 4546 in
1134 4486 1396 4547 termino
1445 4488 1580 4548 octo
1629 4486 1888 4560 dierum,
1939 4492 2268 4569 postquam
2303 4487 2621 4549 audissent
2670 4485 2766 4549 vel
2814 4486 3134 4562 vidissent,

416 4568 648 4632 malum
700 4571 933 4634 factum
983 4590 1150 4649 esse,
1217 4573 1444 4636 cadant
1502 4573 1563 4635 in
1631 4592 1895 4654 pennam
1958 4592 2436 4657 ypperperorum
2494 4573 2852 4650 duodecim,
2922 4578 2985 4637 et
3031 4592 3137 4674 per

411 4656 674 4739 quinque
738 4675 929 4722 annos
994 4676 1030 4721 a
1092 4661 1572 4724 sacrament-arie
1636 4660 1838 4724 officio
1899 4662 2317 4725 excludantur.
2393 4659 2523 4738 Que
2574 4679 2726 4739 pena
2787 4662 3138 4742 pecuniaria

410 4743 687 4810 deveniat
746 4746 811 4809 in
873 4764 1051 4810 suum
1102 4764 1446 4826 commune,
1492 4750 1556 4812 et
1602 4746 2001 4812 nihilominus
2049 4750 2378 4813 teneantur
2426 4746 2758 4824 notificare,
2810 4748 2966 4828 quod
3012 4746 3129 4811 sci-
