3620 5282
3061 362 3144 426 23

420 542 735 605 concordio
783 542 912 605 sive
960 559 1143 624 pace3
1210 542 1366 624 quod
1414 543 1803 608 attendentes
1868 544 1945 607 ad
1996 543 2382 608 devotionem
2433 545 2496 607 et
2541 541 2940 616 fidelitatem,
2990 554 3147 622 quas

418 628 644 692 habuit
689 633 752 693 et
796 628 989 693 habet
1034 649 1248 695 versus
1315 634 1592 696 nostrum
1642 632 2015 708 dominium,
2065 632 2138 695 ut
2201 631 2467 695 vidimus
2516 628 2872 707 manifeste,
2936 630 3142 692 nostre

419 716 782 781 intentionis
832 736 1072 800 semper
1117 718 1240 783 fuit
1286 721 1348 783 et
1394 723 1510 796 est,
1561 739 1704 783 eum
1749 718 1971 784 debere
2035 738 2257 801 ponere
2303 720 2366 783 in
2431 717 2752 783 concordio
2799 717 2928 781 sive
2972 730 3138 798 pace,

420 804 581 886 quod
630 806 755 869 sive
802 824 989 888 quam
1031 805 1371 870 faceremus
1434 826 1573 872 cum
1641 808 1802 872 dicto
1849 826 1996 890 rege
2059 807 2412 890 Hungarie,
2480 810 2550 871 ut
2595 807 2725 890 ipse
2770 804 2885 869 sub
2931 807 3143 868 nostra

411 892 716 957 fidelitate
763 894 968 976 quiete
1010 897 1074 958 et
1123 894 1373 977 pacifice
1421 914 1564 959 cum
1612 896 1789 960 bonis
1837 897 1966 960 suis
2013 896 2224 960 valeat
2271 912 2648 978 permanere.

503 982 660 1044 δεον.
707 1002 861 1043 cons.
902 990 1085 1059 royat.
1132 986 1229 1044 zib.
1276 985 1352 1044 A.
1400 988 1504 1056 85,
1549 1004 1593 1045 u
1639 988 1858 1051 arkivu
1896 988 2253 1046 mletackom.

726 1173 1056 1256 XXIX.
1114 1174 1321 1258 Gon.
1376 1176 1597 1258 1347.
1653 1177 1761 1259 30
1817 1175 2269 1276 kolovoza,
2324 1198 2382 1257 u
2439 1175 2828 1258 Mleteih.

410 1298 755 1373 Zapovieda
794 1317 856 1359 se
899 1303 1207 1361 knezovom
1256 1302 1477 1372 Zadra,
1525 1289 1826 1374 Sibenika‚
1900 1303 2149 1377 Troqira
2197 1304 2217 1359 ἱ
2261 1301 2521 1376 szjeta,
2584 1302 2664 1360 da
2702 1300 2884 1375 pruie
2930 1301 3138 1374 pomo&

417 1389 609 1448 knezu
653 1389 943 1448 Mladinu
1022 1392 1188 1463 proti
1240 1391 1453 1465 Uyrom
1497 1393 1520 1449 i
1557 1391 2198 1554 ἀζῖἕὲἔηὲιῖἑξαάαόεηι
2257 1409 2300 1449 u
2361 1392 2553 1450 koliko
2607 1391 2664 1448 bi
2711 1394 2767 1448 to
2822 1390 2997 1465 moyli
3043 1391 3141 1449 bez

638 1596 822 1662 1347.
870 1598 966 1663 die
1008 1599 1350 1682 penultimo
1394 1601 1663 1682 augusti,
1714 1603 1930 1682 capta:
1975 1599 2132 1682 quod
2179 1599 2488 1664 scribatur
2535 1599 2763 1662 nostris
2810 1598 3142 1663 comitibus

417 1683 630 1764 Jadre,
681 1683 967 1763 Sibenici,
1032 1687 1314 1771 Tragurii
1380 1691 1445 1752 et
1506 1687 1780 1772 Spalati,
1829 1687 2098 1771 qualiter
2159 1706 2351 1770 nuper
2416 1685 2696 1769 requisiti
2759 1706 2972 1751 sumus
3038 1705 3141 1768 per

415 1773 815 1837 ambaxatam
864 1774 1109 1839 comitis
1156 1775 1476 1853 Maladini,
1546 1782 1609 1840 et
1668 1775 2114 1840 committendo
2178 1776 2303 1841 eis,
2367 1776 2526 1856 quod
2569 1776 2718 1839 dent
2764 1774 2879 1857 ipsi
2925 1774 3139 1838 comiti

414 1860 736 1926 Maladino
781 1861 1078 1927 auxilium
1128 1882 1373 1927 suarum
1422 1864 1705 1948 gentium
1751 1868 1966 1928 contra
2002 1864 2286 1947 Ungaros
2334 1866 2398 1928 et
2431 1864 2602 1939 alioS,
2653 1862 2927 1926 volentes
2963 1862 3139 1926 dam·

414 1949 672 2014 nificare
716 1951 920 2033 ipsum
967 1952 1094 2015 sive
1143 1951 1423 2016 subditos
1469 1956 1713 2016 nostros
1759 1951 2097 2027 Dalmatis,
2148 1950 2307 2033 quod
2369 1951 2663 2015 auxilium
2714 1951 2765 2014 ei
2816 1950 2960 2013 dare
3026 1969 3140 2014 non

417 2032 805 2119 presumunt,
857 2038 973 2102 nisi
1020 2040 1313 2121 procedat
1358 2042 1430 2105 de
1477 2041 1672 2104 nostri
1733 2041 2050 2104 voluntate
2096 2044 2156 2102 et
2203 2058 2535 2111 consensu,
2600 2042 2671 2104 ut
2715 2037 2883 2102 dicta
2925 2038 3142 2101 amba-

414 2128 561 2189 xata
607 2126 883 2191 continet
926 2129 1186 2200 seriose:
1237 2131 1301 2192 et
1346 2128 1507 2211 quod
1569 2131 1856 2210 optantes
1915 2130 2145 2193 bonum
2211 2131 2273 2191 et
2332 2127 2733 2192 securitatem
2785 2127 3136 2191 nostrarum

412 2215 717 2278 terrarum
768 2217 831 2278 et
882 2214 1178 2279 bonorum
1227 2219 1581 2280 nostrorum
1644 2216 1918 2281 fidelium
1981 2215 2256 2298 parcium
2325 2215 2776 2298 predictarum,
2842 2217 2908 2279 et
2949 2213 3138 2278 confi·

410 2302 627 2365 dentes
673 2303 736 2366 in
782 2321 891 2367 sua
937 2302 1340 2381 discretione,
1409 2304 1812 2386 relinquimus
1861 2304 1920 2367 in
1967 2304 2258 2368 libertate
2321 2323 2534 2368 eorum
2599 2303 2662 2368 in
2707 2301 2997 2385 predictis
3042 2304 3136 2365 te-

414 2387 605 2453 nendi
656 2390 835 2455 illum
884 2392 1153 2470 modum,
1204 2394 1269 2456 et
1314 2392 1533 2469 facere,
1597 2393 1760 2456 sicut
1821 2393 1910 2457 eis
1978 2392 2287 2457 videbitur
2356 2411 2460 2474 pro
2509 2390 2843 2456 securitate
2889 2394 2953 2454 et
2997 2407 3139 2455 con·

411 2478 760 2543 servatione
795 2481 1104 2544 terrarum
1155 2484 1497 2544 nostrarum
1534 2483 1597 2543 et
1637 2482 1936 2545 bonorum
1975 2483 2328 2544 nostrorum
2361 2480 2637 2544 fidelium
2680 2479 3134 2562 predictorum;

408 2566 695 2631 habendo
742 2585 984 2651 semper
1028 2586 1137 2652 pro
1182 2568 1399 2633 amicis
1447 2568 1675 2632 nostris
1720 2568 2035 2633 dominum
2070 2569 2297 2632 banum
2339 2569 2560 2632 Bosine
2607 2569 2671 2631 et
2718 2568 2931 2650 gentes
2963 2583 3129 2630 suas.

503 2657 664 2718 Scor.
709 2675 869 2720 cons,
914 2664 1098 2735 royac.
1146 2660 1222 2719 A.
1270 2661 1373 2730 85,
1419 2679 1460 2719 u
1504 2661 1720 2719 arkivu
1770 2662 2130 2721 mletackom.

760 2848 1042 2929 XXX.
1096 2849 1305 2932 God.
1362 2850 1582 2933 1347.
1638 2851 1745 2934 30
1797 2851 2245 2950 kolovoza‚
2298 2872 2356 2931 u
2410 2849 2797 2932 Mletcill.

416 2974 753 3050 Odrediuju
797 2993 859 3035 se
904 2978 1072 3049 njeke
1112 2977 1329 3051 radm‘e
1371 2994 1447 3036 za
1491 2979 1825 3053 utvrdjenje
1872 2978 2092 3037 Zadra.
2156 2978 2451 3050 lzdavaju
2504 2994 2566 3036 se
2625 2977 2792 3050 njeke
2855 2978 3138 3034 ustanove

1257 3065 1439 3124 ticuce
1483 3083 1545 3125 se
1590 3084 1816 3140 uprave
1856 3066 2044 3141 paike
2084 3067 2297 3126 obcine.

635 3184 820 3249 1347.
868 3185 967 3249 die
1013 3185 1355 3268 penultimo
1416 3188 1702 3270 augusti,
1769 3191 1989 3269 capta:
2052 3186 2214 3269 quod
2277 3186 2443 3250 iuxta
2507 3184 2975 3269 requisitionem
3025 3201 3135 3249 no-

416 3274 689 3338 strorum
735 3273 979 3338 comitis
1024 3275 1091 3338 et
1129 3273 1614 3340 consiliariorum
1662 3276 1856 3341 Jadre
1902 3275 2191 3340 mittatur
2236 3273 2496 3341 Jadram
2547 3291 2668 3337 nna
2730 3290 2992 3356 persona
3039 3273 3135 3336 in-

421 3361 680 3444 geniosa
716 3362 782 3426 et
826 3362 1129 3426 instructa
1189 3380 1293 3444 pro
1352 3363 1581 3441 foveis,
1646 3382 1762 3447 que
1815 3364 1948 3428 fieri
1996 3363 2223 3427 debent
2281 3362 2443 3428 circa
2502 3366 2772 3427 castrum
2834 3359 3025 3426 Jadre
3071 3362 3137 3425 et

418 3449 713 3531 pontibus
758 3449 1135 3515 levatoribus
1183 3469 1320 3515 cum
1370 3451 1479 3515 illo
1524 3451 1746 3518 salario
1795 3455 1858 3515 et
1905 3452 2282 3534 provisione,
2350 3470 2466 3533 qne
2514 3450 2822 3514 videbitur
2866 3447 3131 3526 domino,

418 3536 792 3601 consiliariis
841 3540 904 3602 et
948 3537 1257 3621 capitibus
1304 3541 1377 3604 de
1421 3539 1550 3605 XL.
2133 3573 2136 3576 ·

632 3623 863 3708 Capta:
906 3626 1064 3708 qnod
1110 3644 1316 3691 comes
1365 3628 1518 3711 Pagi
1563 3628 1730 3693 solus
1754 3629 1980 3693 habeat
2008 3627 2360 3692 libertatem
2395 3627 2457 3690 in
2491 3625 2936 3702 criminalibuS,
2971 3623 3136 3689 sicut

419 3712 476 3777 ei
525 3713 830 3778 videbitur
874 3714 1001 3779 fore
1045 3716 1302 3779 iustum.

628 3802 699 3865 In
746 3802 1034 3867 civilibus
1091 3820 1232 3868 vero
1296 3803 1428 3886 ipse
1487 3822 1693 3870 comes
1757 3823 1895 3869 cnm
1961 3804 2194 3869 duobus
2256 3802 2566 3868 iudicibus
2632 3801 2762 3866 sive
2809 3819 2947 3865 cum
3012 3818 3133 3864 uno

419 3906 633 3953 eorum
680 3891 1019 3955 sententiat
1063 3893 1126 3955 et
1156 3891 1423 3956 diffiniat
1446 3892 1776 3957 secundum
1825 3892 2297 3957 consuetudines
2335 3893 2496 3955 terre
2520 3891 2692 3972 Pagi,
2741 3890 2847 3972 qui
2894 3888 3126 3952 iudices

419 3978 570 4061 eligi
615 3977 882 4043 debeant
927 3998 1034 4061 per
1083 3980 1332 4044 modum
1378 3980 1631 4045 inferius
1678 3982 2017 4045 anotatum.

629 4065 880 4131 Judices
928 4068 1187 4150 predicti
1236 4066 1379 4151 eligi
1428 4069 1689 4132 debeant
1735 4088 1843 4151 per
1890 4068 2092 4133 maius
2139 4067 2467 4132 consilium
2501 4066 2652 4150 Pagi
2701 4084 2810 4148 per
2856 4063 3124 4129 medium

418 4173 669 4231 annum,
719 4160 782 4217 et
828 4157 972 4238 quia
1014 4157 1337 4221 consilium
1388 4157 1538 4240 Pagi
1584 4159 1680 4221 est
1725 4158 1796 4220 de
1845 4157 2006 4221 circa
2051 4156 2261 4220 XVIII
2306 4154 2616 4239 personis,
2681 4153 2883 4217 dictus
2929 4170 3131 4217 comes

421 4242 572 4325 Pagi
617 4260 754 4306 cnm
805 4244 1110 4308 iudicibus
1157 4247 1221 4309 et
1269 4243 1481 4309 maiori
1531 4244 1787 4309 consilio
1835 4247 1909 4309 de
1955 4243 2168 4309 XVIII
2232 4243 2527 4326 predictis
2591 4241 2819 4327 eligere
2872 4241 3134 4305 debeant

420 4351 527 4414 per
576 4330 869 4396 maiorem
915 4334 1153 4415 partem
1204 4351 1412 4397 eornm
1463 4337 1557 4397 tot
1602 4334 1674 4397 de
1726 4332 2087 4398 melioribus
2134 4332 2321 4415 Pagi,
2390 4334 2540 4414 quot
2599 4330 2847 4395 veniant
2894 4328 2971 4392 ad
3016 4348 3131 4393 nu-

417 4438 658 4484 merum
711 4421 783 4484 de
830 4419 897 4496 L,
946 4421 1129 4485 dictis
1177 4421 1386 4485 XVIII
1434 4422 1840 4504 computatis,
1890 4422 1977 4485 sic
2035 4420 2191 4504 quod
2236 4421 2467 4485 dictum
2534 4418 2733 4483 maius
2781 4415 3124 4494 consilinm,

416 4510 581 4574 sicut
623 4511 756 4572 erat
800 4509 873 4573 de
920 4509 1150 4583 XVIII,
1190 4511 1277 4574 sic
1322 4510 1406 4574 sit
1453 4511 1525 4573 de
1557 4509 1625 4584 L,
1666 4511 1729 4574 et
1773 4510 2014 4592 quando
2058 4508 2278 4591 aliquis
2327 4507 2640 4572 defficeret
2683 4505 2758 4571 de
2804 4505 2968 4570 dicto
3019 4524 3132 4568 nu-

416 4616 587 4662 mero
632 4598 707 4661 de
749 4598 820 4672 L,
868 4596 1058 4662 alium
1105 4618 1214 4682 per
1260 4599 1462 4682 ipsum
1509 4599 1706 4662 maius
1754 4597 2076 4662 consilium
2141 4596 2368 4678 eligere
2430 4596 2693 4660 debeant
2761 4592 2939 4657 modo
2985 4610 3124 4674 pre-

419 4685 599 4762 dicto,
649 4689 714 4750 et
759 4685 1047 4750 similiter
1092 4688 1318 4770 eligere
1364 4686 1703 4751 debeantur
1747 4704 1958 4750 omnes
2004 4685 2111 4750 alii
2158 4683 2473 4760 officiales,
2521 4683 2624 4765 qui
2670 4681 2942 4747 consueti
2975 4680 3121 4743 sunt

418 4775 550 4839 fieri
602 4776 662 4839 in
707 4775 894 4857 Pago.
