3620 5282
470 325 602 391 274

683 498 908 563 Vester
953 497 1175 563 Petrus
1222 496 1534 561 Baduario
1596 495 1778 560 miles
1824 494 1900 559 de
1966 474 2170 559 vestro
2232 491 2522 557 mandato
2590 509 2813 555 comesv
2859 492 2924 556 et
2969 492 3205 572 capita-

472 606 621 651 neus
668 586 860 651 Jadre
909 585 972 648 et
1016 585 1146 649 eius
1187 584 1538 649 consilium.
1585 584 1824 649 Datum
1870 581 2062 647 Jadre
2111 579 2377 645 secundo
2425 579 2596 645 iunii.

556 677 837 736 Invornik
880 693 963 734 na
991 677 1224 749 papir-u
1269 693 1312 734 u
1356 674 1699 734 mletackom
1744 674 1980 731 arkivu.

732 862 1219 946 ccccxlv.
1293 862 1501 946 God.
1562 860 1957 964 (1355-6).
2014 861 2101 942 17
2159 860 2490 960 srpnja,
2546 881 2606 939 u
2659 857 2966 940 Zadru.

469 991 640 1050 Knez
681 989 967 1050 zadarski
1013 989 1325 1061 invidendo
1371 1007 1403 1047 o
1449 988 1654 1061 njekih
1714 987 2011 1059 zahtjwih
2029 1030 2043 1056 ,
2092 986 2221 1058 koje
2266 1002 2368 1042 mu
2412 984 2658 1043 kninski
2702 984 2851 1044 knez
2892 1000 2967 1056 po
3013 983 3203 1053 svojih

1534 1075 1877 1149 poslanicih
1919 1075 2119 1147 izjavi.

3071 1140 3088 1163 ἡ

684 1194 1086 1259 Serenissimo
1124 1197 1188 1257 et
1230 1193 1745 1258 excellentissimo
1788 1193 2039 1258 domino
2086 1210 2195 1257 suo
2242 1191 2491 1255 domino
2523 1190 2791 1256 Johanni
2824 1188 3191 1266 Gradonico,

477 1281 577 1348 dei
622 1282 830 1366 *gratia
874 1282 1299 1361 venetiarum,
1346 1282 1681 1346 Dalmatie·
1708 1283 1891 1363 atque
1938 1278 2180 1345 Oroatie
2227 1278 2441 1343 inclito
2472 1278 2631 1354 duci,
2680 1277 2928 1342 domino
2977 1279 3197 1359 quarte

477 1372 672 1455 partis
722 1373 786 1434 et
832 1369 1086 1433 dimidie
1133 1369 1324 1433 totius
1369 1368 1614 1452 imperii
1663 1368 1984 1433 Romanie.
2031 1365 2567 1431 Excellentissime
2613 1365 2859 1429 domine
2908 1366 3032 1429 mi!
3082 1363 3202 1428 Co-

480 1477 613 1522 mes
661 1459 725 1521 et
768 1457 1147 1520 castellanus
1192 1455 1416 1535 Tinini,
1482 1457 1588 1539 qui
1635 1455 1713 1520 ad
1758 1457 1966 1537 partes
2031 1457 2184 1518 istas
2248 1456 2343 1517 est
2404 1453 2641 1517 noviter
2704 1452 3087 1529 destinatuS,
3137 1453 3205 1515 et

481 1546 585 1627 qui
624 1564 745 1609 non
791 1543 990 1607 solum
1037 1542 1325 1608 Tininum
1375 1543 1482 1608 sed
1530 1543 1720 1607 etiam
1768 1541 2178 1608 Ostroviciam
2233 1541 2298 1604 et
2338 1540 2517 1622 plura
2563 1540 2687 1603 alia
2732 1542 2937 1604 castra
2983 1540 3047 1603 in
3094 1558 3205 1603 cu-

486 1632 685 1697 stodia
731 1631 958 1695 habere
1006 1630 1270 1707 videtur,
1320 1634 1380 1695 et
1426 1633 1523 1695 est
1552 1630 1919 1707 teutonicuS,
1968 1631 2118 1694 duos
2164 1628 2609 1693 ambasiatores
2657 1637 2795 1691 cum
2845 1626 3043 1690 literis
3075 1645 3207 1690 cre-

485 1718 859 1784 dentialibus
905 1718 1080 1782 misit
1118 1718 1192 1782 ad
1240 1736 1359 1795 me,
1410 1718 1517 1801 qui
1554 1718 1685 1781 beri
1732 1737 1797 1782 se
1839 1718 2346 1799 presentaverunt
2376 1714 2550 1793 mihi,
2600 1716 2664 1779 et
2708 1713 3053 1778 ambasiata
3093 1732 3205 1778 sua

452 1806 895 1872 xeffectualiter
941 1804 1083 1882 fuit,
1130 1804 1293 1887 quod
1340 1806 1543 1869 dictus
1587 1805 1961 1870 castellanus
2007 1823 2254 1868 mecum
2298 1803 2502 1867 vivere
2549 1800 2960 1866 amicabiliter
3005 1803 3206 1865 inten-

483 1895 688 1972 debat,
734 1895 797 1957 et
844 1891 1108 1957 maxime
1155 1893 1296 1974 quia
1337 1911 1664 1957 mansurus
1711 1895 1845 1958 erat
1888 1894 1991 1957 din
2039 1891 2099 1955 in
2148 1890 2286 1955 istis
2326 1889 2630 1972 partibus,
2682 1889 3104 1969 utdicebant,
3139 1890 3203 1953 et

481 1983 637 2063 quod
688 1981 806 2045 sibi
854 1980 928 2044 de
972 1980 1178 2061 aliquo
1226 1998 1438 2044 exemo
1486 1979 1890 2063 providerem,
1937 1981 2007 2043 ut
2050 1994 2427 2061 precessores
2475 1979 2598 2041 mei
2643 1975 2914 2041 fecerant
2959 1995 3200 2059 preces-

484 2069 726 2134 soribus
791 2067 951 2143 suiS‚
1016 2067 1383 2148 promittens
1437 2067 1624 2146 mihi,
1675 2069 1835 2149 quod
1896 2085 2135 2130 mecum
2207 2064 2616 2129 amicabiliter
2669 2064 3091 2146 pertransiret,
3140 2066 3204 2126 et

485 2161 765 2239 preterea
804 2154 1156 2218 districtum
1205 2153 1391 2218 Jadre
1452 2154 1725 2237 aliquam
1789 2155 2087 2218 lesionem
2138 2158 2293 2230 (sic).
2361 2149 2599 2229 Quibus
2650 2153 2887 2216 nunciis
2934 2151 3204 2234 gratiose

480 2242 786 2324 susceptis
838 2242 1024 2322 atque
1075 2242 1379 2320 tractatis,
1421 2241 1652 2305 contuli
1700 2259 1837 2305 cum
1887 2241 2256 2305 consiliariis
2304 2239 2648 2321 superinde,
2714 2239 2779 2303 et
2826 2238 3024 2303 visum
3087 2237 3238 2311 fuit

483 2330 572 2394 eis
620 2334 684 2393 et
727 2328 881 2392 mihi
928 2329 1002 2391 de
1048 2346 1168 2391 non
1218 2328 1415 2392 dando
1462 2329 1711 2411 aliquod
1760 2329 1833 2392 de
1880 2328 2055 2392 bonis
2093 2326 2288 2393 ‘vestri
2344 2326 2686 2391 communis
2731 2327 2945 2390 comiti
2990 2344 3206 2408 supra-

483 2418 670 2494 dicto,
720 2418 851 2479 tum
903 2415 1045 2497 quia
1094 2414 1261 2478 mala
1308 2415 1678 2481 consuetudo
1721 2417 1836 2494 est,
1887 2417 2021 2479 tum
2070 2416 2213 2498 quia
2260 2433 2376 2478 non
2422 2415 2744 2478 morantur
2791 2415 3092 2492 continuo,
3141 2417 3204 2476 et

485 2505 589 2589 qui
638 2504 713 2567 de'
761 2520 914 2567 novo
962 2503 1235 2581 veniunt,
1284 2503 1501 2567 statim
1550 2505 1770 2586 petunt
1815 2504 1881 2566 et
1926 2503 2157 2580 volunt,
2192 2504 2263 2567 ut
2299 2501 2588 2580 babeant,
2637 2500 2797 2583 quod
2822 2519 3206 2583 precessores

488 2592 606 2670 sui,
658 2592 721 2656 et
766 2588 924 2674 quod
972 2589 1238 2654 deterius
1284 2592 1381 2655 est
1425 2608 1566 2655 cum
1614 2592 1745 2655 toto
1793 2590 1910 2654 hoc
1954 2589 2114 2654 male
2155 2591 2404 2655 servant
2451 2607 2557 2668 ea,
2626 2607 2745 2671 que
2791 2588 3197 2671 promittunt;

487 2680 593 2745 sed
641 2679 973 2745 habuimus
1021 2682 1368 2760 respectum
1417 2697 1559 2743 cum
1606 2679 2009 2744 Jadrensibus
2055 2677 2427 2752 conferendi,
2475 2695 2731 2759 quorum
2777 2675 3085 2758 aliquibus
3134 2694 3205 2739 ex

490 2817 762 2833 ......
797 2765 937 2829 sitis
984 2765 1442 2847 requisitionem
1488 2766 1636 2830 dicti
1683 2767 1931 2831 comitis
1992 2765 2343 2847 intelligere
2398 2763 2718 2842 dedimuS,
2769 2763 3042 2827 dicentes
3091 2762 3201 2841 eis,

490 2854 648 2938 quod
697 2853 749 2917 si
795 2872 903 2936 pro
942 2853 1099 2917 bono
1145 2872 1255 2918 suo
1304 2872 1437 2919 esse
1484 2854 1775 2918 videbant
1824 2854 1987 2918 dicto
2033 2853 2245 2917 comiti
2295 2851 2527 2933 aliquid
2575 2851 2880 2935 arrogari,
2951 2852 3204 2914 conten-

489 2943 772 3006 tarentur
809 2989 1077 3004 ......
1128 2942 1200 3004 de
1247 2941 1511 3024 propriis
1558 2941 1760 3005 bursis
1809 2942 1940 3006 suis
1987 2944 2051 3006 et
2095 2941 2358 3005 aliorum
2407 2939 2634 3003 civium
2680 2937 2908 3014 Jadre;
2956 2938 3060 3020 qui
3109 2938 3207 3001 in-

490 3031 686 3095 vicem
736 3026 1116 3092 conferentes
1165 3030 1626 3110 responderunt,
1676 3029 1835 3111 quod
1898 3031 1952 3094 si
1998 3029 2196 3093 dictus
2242 3044 2448 3091 comes
2495 3046 2579 3091 v.
2618 3074 2632 3088 .
2667 3073 2683 3103 ,
2721 3074 3144 3091 .........
3178 3027 3210 3089 t

491 3116 688 3179 colere
735 3117 799 3177 et
844 3114 1120 3178 laborare
1168 3134 1309 3180 suas
1356 3118 1771 3199 possessiones
1818 3120 1884 3181 et
1928 3118 2145 3190 terraS,
2185 3117 2248 3178 et
2294 3113 2454 3197 quod
2480 3113 2759 3178 homines
2801 3116 2867 3178 et
2913 3113 3204 3178 animalia

492 3219 605 3265 sua
650 3201 859 3264 essent
904 3219 967 3264 se
1020 3249 1560 3266 ...........
1627 3203 1903 3287 alioquin
1963 3202 2081 3266 sibi
2144 3201 2384 3266 nullum
2444 3200 2761 3265 denarium
2829 3201 3206 3279 exhiberent,

490 3306 749 3370 quorum
795 3287 1130 3352 intentione
1177 3290 1481 3371 percepta,
1528 3291 1763 3355 contuli
1809 3309 1950 3354 cum
1992 3287 2511 3354 ambariatoribus
2571 3336 2634 3351 ..
2667 3336 2682 3363 ,
2726 3336 3052 3352 .......
3104 3307 3201 3352 se-

491 3374 758 3440 cundum
809 3373 1272 3455 dispositionem
1333 3376 1769 3453 Jadrensium‚
1833 3377 1939 3460 qui
1999 3377 2451 3442 ambaxiatores
2513 3375 2956 3456 responderunt
3026 3375 3199 3452 mihi,

497 3463 657 3546 quod
706 3460 1039 3526 credebant
1083 3462 1321 3526 dictum
1369 3465 1658 3527 comitem
1713 3465 1868 3529 bene
1929 3482 2106 3546 posse
2168 3463 2368 3528 facere
2405 3509 2827 3527 .........
2861 3465 2908 3527 t.
2981 3462 3207 3527 Postea

495 3569 637 3615 vero
682 3548 858 3613 hodie
906 3548 981 3612 de
1028 3568 1208 3614 mane
1232 3551 1679 3616 reiteraverunt
1705 3552 1907 3630 verba,
1955 3552 2334 3634 requirentes
2361 3568 2478 3626 me,
2523 3549 2680 3631 quod
2706 3549 2974 3614 finaliter
3004 3569 3205 3614 meam

498 3636 955 3720 responsionem
1001 3637 1308 3702 traderem
1356 3638 1466 3715 eis,
1515 3639 1735 3720 quibus
1771 3688 2142 3705 ........
2200 3639 2355 3703 scire
2414 3636 2718 3715 volebant,
2772 3638 3003 3703 veritas
3050 3640 3206 3716 erat,

494 3723 655 3809 quod
703 3723 1097 3788 intendebam
1144 3724 1334 3807 prius,
1386 3745 1573 3808 quam
1619 3726 1854 3809 aliquid
1902 3745 2088 3809 supra
2131 3724 2250 3791 hiis
2296 3725 2646 3802 firmarem,
2710 3723 2826 3789 hoc
2872 3724 3211 3790 excelentie

495 3814 699 3877 vestre
747 3812 1056 3890 denotare,
1106 3813 1171 3876 et
1214 3812 1368 3894 quod
1419 3812 1610 3876 nichil
1658 3862 1878 3878 .....
1927 3814 2041 3884 asi,
2088 3813 2255 3894 prius
2302 3816 2576 3876 vestrum
2623 3811 2910 3876 haberem
2957 3830 3212 3895 respon·

494 3918 653 3975 sum,
703 3899 927 3976 dicenS,
974 3899 1134 3982 quod
1181 3899 1450 3965 sciebam
1500 3900 1979 3964 dominationem
2028 3904 2295 3965 vestram
2345 3898 2571 3963 habere
2611 3899 3016 3964 intentionem
3064 3901 3213 3965 mit-

494 3987 663 4052 tendi
714 3987 953 4068 equites
1001 3987 1137 4064 huc,
1186 3987 1346 4051 unde
1393 3987 1664 4069 aliquam
1715 3987 2179 4052 conventionem
2212 3987 2457 4051 firmare
2500 3986 2826 4064 nollebam,
2879 3988 2999 4051 nisi
3034 3988 3205 4070 prius

420 4073 423 4076 ’
495 4092 533 4138 a
579 4074 997 4138 dominatione
1038 4077 1243 4138 vestra
1304 4074 1757 4156 responsionem
1823 4075 2160 4148 haberem;
2224 4075 2325 4157 qui
2379 4072 2699 4138 audientes
2747 4074 2862 4138 hoc
2908 4074 3212 4154 dixerunt,

501 4163 659 4244 quod
707 4161 996 4243 placebat
1036 4161 1144 4238 eis,
1187 4162 1343 4242 quod
1394 4160 1727 4226 scriberem
1760 4163 1964 4226 vestro
2010 4162 2297 4238 dominio,
2348 4161 2453 4225 sed
2500 4160 2802 4244 rogabant
2847 4181 2964 4242 me,
3014 4165 3083 4227 ut
3122 4163 3217 4226 in-

499 4249 670 4312 terea
717 4265 1138 4312 assecurarem
1189 4251 1404 4329 gentes
1472 4268 1650 4327 suaS,
1717 4250 1876 4331 quod
1940 4251 2192 4331 possent
2250 4248 2438 4313 libere
2486 4250 2550 4312 et
2602 4266 2812 4313 secure
2855 4250 3060 4314 venire
3105 4250 3216 4315 Ja-

499 4334 698 4410 dram,
749 4335 937 4398 donec
983 4334 1273 4399 haberem
1323 4336 1778 4417 responsionem
1826 4338 2114 4413 vestram,
2164 4337 2228 4400 et
2272 4335 2463 4400 donec
2490 4335 2784 4413 viderent,
2835 4337 2886 4400 si
2933 4339 3219 4419 poterant

507 4420 706 4502 aptari
755 4421 1012 4504 negocia
1058 4421 1218 4486 inter
1250 4441 1426 4486 suum
1478 4424 1794 4488 dominum
1832 4426 2043 4500 etms,
2093 4423 2545 4503 promittentes,
2576 4423 2735 4505 quod
2781 4423 2994 4488 statim
3028 4424 3264 4506 appli-'

498 4507 657 4571 catis
702 4506 993 4572 Tininum
1044 4508 1336 4574 similiter
1398 4510 1643 4575 literam
1708 4529 1745 4574 a
1790 4511 2018 4575 comite
2082 4509 2285 4572 Tinini
2347 4510 2503 4573 mihi
2561 4509 2833 4576 facerent
2895 4511 3212 4589 destinari,

497 4612 683 4678 quam
732 4593 981 4658 literam
1029 4595 1116 4658 eis
1163 4598 1451 4675 concessi,
1499 4598 1744 4675 videns,
1805 4596 1969 4680 quod
2016 4596 2160 4661 talis
2222 4597 2541 4678 requisitio
2606 4600 2742 4662 erat
2786 4617 2926 4663 cum
2988 4598 3215 4663 honore

495 4684 702 4753 vestro
748 4683 812 4746 et
856 4682 1013 4746 bono
1060 4682 1243 4747 huius
1289 4686 1470 4749 terre.
1519 4684 1783 4749 Domine
1830 4684 1937 4764 mi,
1986 4701 2192 4764 causa,
2240 4702 2424 4766 quare
2463 4683 2623 4751 hanc
2668 4686 3067 4751 securitatem
3100 4704 3210 4769 pe-
