3620 5282
3016 373 3147 439 423

428 540 875 605 combustionis
922 542 1196 608 civitatis
1255 543 1448 626 ipsius
1513 544 1852 610 secundum
1899 545 2056 626 qnod
2120 548 2432 627 apparet
2443 566 2551 627 per
2611 545 2853 612 litteras
2920 548 3132 613 fratris

425 627 770 693 Gnillielmi
820 629 895 693 de
942 627 1129 713 Synai
1178 630 1275 695 dei
1325 632 1528 713 gratia
1573 632 1860 715 magistri
1909 632 2132 696 militie
2178 632 2913 715 templiJerosolimitani
2963 636 3143 719 sigil-

435 715 597 780 latas
642 717 851 799 sigillo
901 718 1193 799 plumbeo
1240 719 1516 783 militum
1564 721 1638 784 de
1683 719 1933 821 templo
1958 718 2210 797 Christi,
2259 721 2335 783 ad
2385 720 2731 785 faciendum
2794 722 2934 788 inde
2997 742 3140 788 con-

430 802 722 881 cordiam,
773 806 1298 887 compositionem,
1349 806 1534 871 finem
1582 812 1646 871 et
1690 806 2116 871 remissionem
2166 809 2231 872 et
2274 808 2399 873 alia
2445 809 2673 884 omnia,
2736 828 2853 891 que
2901 829 3143 875 necces-

431 890 592 955 saria
637 854 736 956 vel
783 891 966 957 utilia
1012 892 1397 971 videbuntur,
1445 896 1512 959 et
1557 893 1758 959 simile
1804 894 1915 960 fiat
1961 895 2035 959 de
2066 895 2226 974 aliis,
2277 915 2393 977 que
2439 896 2857 961 invenirentur
2900 917 3032 962 esse
3065 897 3145 960 ad

429 980 710 1044 eamdem
760 979 1270 1045 commissionem.
1321 982 1454 1064 Ego
1497 984 1614 1047 etc.

510 1071 733 1129 Maius
778 1071 1106 1130 consilium.
1153 1070 1365 1131 Luna-
1371 1072 1601 1132 Zaneta
1646 1073 1750 1131 list
1795 1074 1942 1151 109,
1991 1091 2033 1132 u
2077 1073 2418 1133 mzetaekom
2461 1075 2693 1134 arkivu.

796 1241 1119 1323 LXIX.
1196 1242 1402 1325 God.
1458 1243 1682 1327 1285.
1738 1243 1834 1326 18
1882 1241 2231 1345 siecnja,
2280 1266 2343 1326 u
2393 1244 2784 1327 Mletcih.

1314 1367 1363 1428 Ο
1408 1369 1612 1428 ινοὲΙοιι
1657 1386 1731 1428 za
1775 1370 1994 1430 omis'ke
2037 1370 2267 1430 uznikc.

639 1487 755 1553 Die
803 1489 1039 1554 decimo
1085 1492 1302 1555 octavo
1349 1490 1672 1555 iannnarii.
1726 1489 1887 1555 Cum
1934 1490 2019 1554 sit
2063 1491 2328 1572 quodam
2384 1490 2712 1555 consilium
2751 1494 3002 1573 captum
3050 1492 3149 1556 die

426 1574 663 1638 decimo
712 1576 975 1657 septimo
1018 1576 1152 1641 iulii
1202 1579 1264 1642 in
1312 1578 1645 1643 millesimo
1708 1579 2124 1644 ducentesimo
2187 1579 2605 1660 octuagesimo
2667 1579 2892 1657 tertio,
2953 1579 3174 1643 conti--

430 1679 582 1726 nens
630 1663 743 1727 hoc
790 1666 1006 1728 modo:
1074 1666 1219 1747 quia
1281 1684 1497 1749 grassa
1543 1668 1607 1730 et
1655 1666 1908 1730 bladum
1977 1668 2042 1730 et
2103 1664 2312 1729 vinum
2374 1668 2438 1729 et
2497 1668 2737 1741 cetera,
2802 1668 2987 1748 capta
3032 1666 3152 1731 fuit

430 1767 606 1831 pars:
656 1751 817 1831 qnod
860 1751 1124 1816 addatur
1170 1751 1335 1817 dicto
1378 1753 1649 1831 consilio,
1696 1754 1854 1836 quod
1900 1752 2158 1830 denarii,
2209 1771 2357 1836 quos
2383 1754 2670 1817 dominns
2713 1754 2832 1817 dux
2878 1755 3153 1834 precepit

431 1837 565 1899 dari
611 1839 939 1903 carceratis
988 1841 1060 1903 de
1107 1839 1423 1919 Almissio,
1472 1842 1538 1905 et
1582 1841 1687 1923 qui
1734 1841 2049 1904 dabuntur
2095 1841 2167 1904 de
2216 1844 2419 1904 cetero
2478 1857 2587 1921 pro
2631 1858 2742 1903 suo
2790 1839 2978 1917 victu,
3028 1841 3153 1904 sol-

430 1925 654 1988 vantur
699 1926 773 1989 de
817 1926 1087 1991 denariis
1131 1929 1378 2005 montiS,
1444 1930 1509 1992 et
1553 1927 1669 1993 hoc
1732 1928 1958 1992 debeat
2018 1927 2159 1993 addi
2224 1927 2286 1990 in
2348 1927 2632 1992 omnibus
2696 1926 3150 2010 capitularibus

430 2010 837 2093 supradictis;
888 2015 951 2078 et
996 2014 1049 2078 si
1103 2014 1426 2080 consilium
1481 2017 1597 2080 etc.

516 2102 730 2162 Maius
773 2105 1102 2164 consilium.
1148 2104 1360 2165 Luna·
1365 2105 1596 2165 Zaneta
1641 2106 1742 2165 list
1785 2108 1930 2176 131,
1977 2124 2018 2164 u
2059 2105 2402 2165 mletackom
2449 2106 2686 2164 arkivu.

822 2274 1090 2356 LXX.
1165 2275 1783 2361 God.1285.15
1838 2275 2197 2377 venaco,
2251 2299 2311 2358 u
2363 2275 2754 2358 Mletcih.

429 2381 797 2457 Proylaswu
842 2401 904 2443 se
945 2385 1057 2443 kao
1091 2386 1526 2457 pravovaijane
1569 2402 1668 2445 ste
1725 2385 2014 2454 naredbe,
2074 2386 2204 2458 koje
2248 2385 2307 2444 bi
2351 2385 2487 2443 dalo
2532 2385 2685 2444 malo
2732 2384 2887 2445 viedc
2931 2401 3003 2444 sa
3045 2402 3154 2444 na-

772 2472 979 2531 celnici
1021 2473 1185 2532 vieca
1225 2472 1300 2531 od
1347 2472 1467 2532 XL
1511 2474 1907 2533 zadarskomu
1952 2473 2141 2531 knezu
2185 2490 2229 2532 u
2268 2473 2540 2545 poslovih
2588 2471 2808 2532 Omisa.

644 2589 760 2655 Die
807 2592 1020 2675 quinto
1065 2590 1305 2656 decimo
1353 2590 1668 2671 februarii,
1731 2594 1910 2675 capta
1955 2590 2073 2657 fuit
2118 2610 2300 2674 pars.
2370 2592 2533 2675 quod
2595 2591 2786 2672 illud,
2850 2590 3011 2676 quod
3053 2611 3157 2674 per

431 2675 749 2741 dominnm
817 2678 1032 2744 ducem
1097 2681 1160 2743 et
1222 2680 1606 2745 consiliarios
1667 2685 1730 2745 et
1788 2681 1993 2762 capita
2059 2679 2470 2764 quadraginta
2528 2679 2925 2745 commitetur
2970 2699 3158 2761 super

428 2763 590 2829 facto
637 2764 888 2830 Almisii
938 2766 1148 2831 comiti
1188 2769 1252 2830 et
1297 2768 1663 2833 consiliariis
1709 2768 1920 2847 Jadre,
1972 2768 2057 2831 sit
2100 2766 2369 2844 firmum,
2419 2768 2580 2832 sicut
2625 2767 2681 2831 si
2726 2767 2959 2832 factum
2994 2768 3158 2832 esset

436 2868 545 2932 per
586 2853 787 2917 maius
837 2853 1181 2919 consilium.
1230 2854 1363 2937 Ego
1412 2858 1529 2920 etc.

523 2942 735 3003 Maius
779 2945 1106 3004 consilium.
1154 2943 1366 3004 Luna·
1373 2944 1604 3005 Zaneta
1649 2946 1751 3004 list
1798 2946 1943 3014 135,
1989 2961 2033 3002 u
2077 2945 2294 3004 arkivu
2339 2945 2698 3004 mletackom.

882 3115 1202 3197 LXXI.
1269 3115 1757 3200 God.1285.
1813 3116 1862 3199 2
1917 3115 2232 3216 lipnja‚
2285 3137 2345 3196 u
2399 3115 2707 3202 Zadrll„

435 3220 736 3282 Zadarska’
779 3225 1116 3297 nadbiskup
1163 3226 1445 3298 opozivb'e
1502 3227 1659 3297 svoje
1693 3227 1920 3301 pismo,
1971 3225 2151 3297 kojim
2210 3225 2424 3285 dosudi
2475 3210 2885 3284 Sebenaeanom
2929 3229 3157 3284 ostrovc

1546 3310 1781 3372 Srimac
1825 3313 1849 3371 i
1897 3312 2068 3371 Zuri.

644 3429 974 3495 Revocatio
1042 3432 1394 3496 litterarum
1455 3432 1533 3497 ab
1596 3431 2060 3512 archiepiscopo
2127 3429 2415 3495 Jadrensi
2476 3428 2640 3494 facta
2706 3431 2871 3495 circa
2919 3430 3156 3496 insulas

433 3513 674 3580 Srimac
720 3520 785 3582 et
830 3517 1029 3581 Zurri.
1081 3519 1431 3583 Venerabili
1474 3518 1537 3583 in
1586 3518 1833 3583 Christo
1880 3519 2059 3581 fratri
2111 3517 2358 3581 domino
2407 3517 2762 3600 G(regorio)
2807 3519 2904 3583 dei
2950 3521 3155 3601 gratia

435 3602 716 3686 episcopo
772 3605 1173 3688 Traguriensi
1235 3607 1432 3670 amico
1493 3606 1556 3669 in
1620 3605 1866 3670 Christo
1931 3605 2158 3669 dilecto
2222 3605 2591 3669 Laurentius
2655 3605 2999 3670 Pereander
3044 3605 3157 3670 Ja-

439 3691 674 3754 drensis
722 3693 1214 3775 archiepiscopus
1262 3695 1532 3757 salutem
1596 3696 1659 3757 et
1720 3692 2058 3757 fraternam
2129 3691 2192 3755 in
2256 3691 2503 3756 domino
2571 3692 2919 3756 caritatem.
2998 3691 3155 3756 Cum

435 3777 632 3857 pridie
679 3798 785 3843 seu
830 3782 1088 3858 noviter,
1135 3782 1374 3862 quando
1421 3780 1654 3861 placuit
1711 3780 1880 3844 vobis
1946 3779 2392 3844 consecrationi
2449 3778 2704 3843 ecclesie
2765 3783 2971 3843 nostre
3019 3798 3157 3860 per-

438 3865 735 3930 sonaliter
786 3867 1099 3945 interesse,
1148 3869 1539 3949 presentibus
1589 3865 2044 3932 venerabilibus
2102 3869 2276 3947 patre
2313 3865 2562 3930 domino
2609 3864 2798 3930 fratre
2843 3864 2905 3931 J.
2954 3865 3157 3929 archi-

435 3951 717 4033 episcopo
787 3954 1169 4036 Spalatense,
1236 3956 1301 4018 et
1367 3956 1539 4018 vobis
1600 3973 1742 4019 cum
1804 3953 1945 4017 aliis
2014 3953 2416 4035 suffraganeis
2479 3953 2609 4018 eius
2671 3955 2857 4035 atque
2901 3952 3153 4033 nostris,

436 4038 745 4118 quandam
793 4041 1070 4106 litteram
1119 4041 1327 4124 sigillo
1385 4046 1592 4106 nostro
1656 4042 1968 4124 signatam
2038 4041 2220 4105 Petro
2283 4039 2707 4105 archidiacono
2769 4037 3153 4104 Sibenicensi
3239 4115 3242 4118 ,

438 4128 501 4188 et
548 4126 1041 4193 Sibenicensibus
1088 4129 1503 4193 concessimus
1551 4147 1733 4211 super
1777 4128 2017 4192 duabus
2063 4126 2286 4191 insulis
2339 4127 2574 4192 Srimez
2620 4126 2826 4192 silicet
2867 4130 2931 4191 et
2955 4126 3149 4207 Zurri,

436 4211 712 4278 dicentes
755 4216 819 4278 in
866 4216 1101 4292 eadem,
1150 4216 1309 4298 quod
1358 4218 1476 4280 iste
1522 4216 1641 4280 due
1687 4215 1906 4292 insule,
1955 4215 2117 4278 sicut
2171 4213 2632 4292 audiveramuS,
2682 4216 2861 4279 erant
2906 4215 2970 4278 et
3015 4233 3155 4296 per-

437 4300 720 4367 tinebant
763 4305 840 4368 ad
885 4304 1347 4377 Sibenicense83
1397 4307 1607 4386 postea
1654 4303 1801 4366 dum
1848 4321 1956 4383 per
1997 4302 2282 4382 antiquos
2336 4301 2616 4365 homines
2663 4304 2727 4365 et
2770 4301 2889 4366 fide
2933 4300 3154 4384 dignos

433 4388 759 4474 audientes
806 4395 868 4456 et
911 4391 1333 4473 intelligentes
1384 4391 1621 4473 plenius
1668 4391 2018 4466 veritatem,
2084 4388 2234 4454 visis
2281 4389 2647 4469 quibusdam
2693 4389 2884 4452 etiam
2928 4389 3159 4454 instru-

477 4494 538 4538 m
574 4480 699 4543 ntis
745 4482 808 4542 et
851 4477 1214 4561 privilegiiS,
1263 4479 1325 4540 in
1373 4478 1595 4561 qnibus
1659 4477 1982 4541 manifeste
2031 4476 2352 4556 probatur,
2412 4475 2575 4556 quod
2631 4475 2902 4557 predicte
2959 4474 3161 4541 insule

441 4569 835 4646 pertinebant
881 4570 946 4630 et
991 4567 1166 4630 erant
1207 4566 1281 4630 de
1328 4565 1460 4630 iure
1507 4569 1570 4627 et
1631 4565 2010 4647 proprietate
2079 4562 2355 4626 civitatis
2412 4561 2736 4626 Jadrensis
2783 4582 2819 4626 a
2861 4563 3154 4644 tempore,

443 4656 617 4719 cuius
665 4673 781 4720 non
842 4656 1010 4718 extat
1072 4653 1385 4729 memoria,
1451 4651 1796 4733 predictam
1861 4648 2307 4715 confessionem
2370 4653 2648 4712 nostram
2710 4668 2818 4729 per
2877 4666 3151 4712 errorem

440 4737 689 4822 factam,
739 4758 925 4823 qnam
964 4742 1210 4823 propter
1254 4739 1667 4822 ignorantiam
1714 4742 1825 4802 aut
1886 4735 2330 4817 negligentiam
2392 4755 2498 4798 seu
2542 4734 3006 4817 occupationem
3054 4734 3149 4798 ni-
